3028 4830
639 403 791 496 A

124 600 239 666 deinde
266 572 364 664 latine
396 603 528 684 patente
556 600 687 687 notione
716 599 852 683 pecudes
878 598 1061 666 hominibus
1090 602 1238 684 opponit,
1265 604 1304 665 111
1332 589 1337 596 ’

126 741 188 786 nos
211 718 344 784 dicimus
366 720 531 786 menschen
552 720 619 786 ond
640 720 726 786 niele:
1005 723 1007 730 '

150 879 190 938 VI
214 881 274 938 243
318 874 458 958 (formica
475 871 610 955 possunt)
633 853 798 938 exanimare
821 875 964 949 hominen,
982 878 1110 954 pecudeo
1131 881 1258 951 proster-

842 995 912 1040 nere
934 981 1050 1052 poesim.

472 1127 504 1142 ..
523 1132 529 1145 .
546 1081 622 1142 unde
644 1089 764 1156 repente

318 1183 497 1244 mortiferam
519 1186 612 1258 possit
634 1185 745 1245 cladem
767 1182 894 1244 conflare
917 1190 1017 1244 coorta

125 1286 165 1346 Vl
194 1291 275 1348 1090
319 1288 453 1346 morbida
474 1288 519 1360 uie
540 1283 690 1348 hominum
713 1288 812 1361 generi
829 1289 1034 1364 pecudumque·
1052 1288 1187 1360 cateruis,

318 1389 479 1462 expediam.

473 1557 706 1632 ...(ρεειὶῖίιαε)
729 1555 826 1631 fruges
847 1554 971 1634 persidit
992 1558 1022 1614 in
1045 1558 1122 1631 ipsas

125 1661 166 1720 VI
194 1659 273 1719 1125
317 1664 368 1718 aut
388 1657 460 1716 alioe
481 1658 631 1718 hominurn
653 1665 753 1732 pastus
770 1660 971 1736 pecudumque
993 1660 1114 1719 cibatus.
1134 1731 1171 1782 ·

125 1843 187 1908 huc
208 1841 306 1908 etiam
327 1839 511 1907 referendus
534 1843 583 1906 eet
606 1861 719 1907 uersus

177 2018 192 2076 1
217 2019 274 2076 116
318 2032 356 2074 an
372 2017 499 2094 pecudeo
520 2014 592 2074 alias
613 2014 762 2107 diuinitus·
777 2014 905 2074 insinuet
927 2031 958 2076 se

127 2191 234 2256 anima
261 2189 407 2260 hominia.
450 2191 502 2256 hie
529 2190 614 2256 enim
637 2211 702 2255 non
725 2194 832 2254 metuo
856 2209 896 2254 ne
921 2187 1130 2256 Wakefieldus
1153 2191 1302 2274 cuiquam
1401 2265 1407 2277 ,

126 2309 319 2395 persuadeat
339 2308 483 2375 homines
506 2330 632 2394 quoque
647 2331 664 2374 e
679 2309 836 2403 pecudum
852 2330 984 2374 numero
1000 2305 1078 2377 esee.
1103 2351 1104 2354 =
1122 2283 1201 2376 illud
1216 2313 1302 2380 olion

126 2431 211 2495 enim
233 2431 481 2517 intellegendum
503 2436 551 2496 est
573 2431 629 2514 ita,
653 2435 690 2494 111
714 2403 826 2514 Odyee.
848 2434 871 2513 β
894 2435 968 2497 412:
998 2425 1102 2518 μήτηρ
1124 2425 1157 2494 δ’
1173 2428 1241 2518 ’ἐμὴ
1264 2425 1302 2496 οὔ

124 2571 158 2615 cc
182 2548 362 2636 πέπυσται,
385 2545 456 2616 oc'ri'
476 2539 569 2617 ἄλλαι
587 2546 703 2635 δμωαί,
726 2569 821 2633 quem
839 2571 933 2616 usum
949 2550 1107 2616 Ameieius
1129 2549 1170 2616 ad
1187 2550 1300 2637 odyss.

127 2650 252 2754 1132,
287 2669 570 2756 Naegelsbachius,
604 2669 737 2734 Adnott.
766 2668 808 2734 ad
834 2668 872 2735 ΙΙ.
901 2671 932 2734 Π
963 2677 1039 2754 191,
1072 2670 1148 2736 edit.
1176 2672 1301 2753 tertiae,

125 2789 324 2875 Kruegerue,
353 2790 493 2857 Gramm.
518 2789 574 2869 Gr.
598 2796 649 2872 50,
672 2796 701 2872 4,
728 2795 762 2855 11
794 2795 879 2855 recte
900 2789 1152 2874 explicaucruni.
1198 2790 1301 2854 multa

124 2909 271 2994 exempla
291 2909 499 2976 inueniuntur
521 2910 608 2995 apud
622 2909 797 2974 Ameisium
819 2914 851 2974 11
872 2910 906 3002 in
928 2909 1071 2974 Paeeovii
1085 2908 1199 2974 Lexioo
1223 2931 1249 2976 s.
1270 2932 1298 2976 u.

125 3021 224 3106 ἄλλος
247 3037 275 3095 5.
319 3029 435 3096 Latina
462 3030 609 3124 exempla
634 3029 829 3115 collegerunt
851 3027 988 3095 Fabriue
1010 3033 1043 3094 11
1065 3029 1300 3114 Heerwagcnue

126 3147 168 3213 ad
186 3147 251 3214 Liv.
267 3147 343 3213 XXI
359 3155 409 3234 46,
425 3157 455 3217 9.
477 3150 520 3196 ’-
542 3151 603 3216 Per
625 3149 940 3237 comprehensionem
963 3150 1083 3236 species
1106 3171 1165 3234 pro
1188 3167 1302 3235 genere

125 3265 233 3349 posita
255 3271 304 3335 111
325 3267 386 3336 hoc
407 3285 517 3334 uersu:
795 3253 801 3266 ’
948 3261 950 3267 ’

318 3425 359 3484 nil
380 3431 478 3486 tamen
500 3433 544 3487 est
566 3423 640 3502 signi
662 3427 767 3487 mixtas
788 3428 918 3500 potuisse
940 3427 1034 3486 creari

130 3521 133 3526 ’
165 3524 190 3588 V
215 3531 275 3588 910
319 3529 396 3590 inter
418 3542 449 3588 se
467 3520 592 3606 pecudes
614 3535 821 3604 compactaque
843 3527 974 3604 membra
993 3526 1198 3620 animantum·

125 3715 158 3773 et
182 3709 328 3774 similiter
349 3710 581 3795 intellegendus
603 3710 731 3777 uidetur
752 3732 865 3778 uersus
888 3711 928 3777 de
949 3729 1013 3794 quo
1035 3709 1224 3794 supradixi

136 3885 140 3888 ’
198 3895 213 3953 Ι
237 3897 275 3953 14
319 3894 387 3953 inde
409 3893 488 3956 ferae
505 3896 630 3973 pecudeo
652 3896 815 3993 uelaultant
836 3894 944 3970 pabula
964 3895 1052 3955 laeta.

123 4057 182 4124 ubi
203 4064 312 4126 tamen
336 4080 387 4137 ea,
411 4082 493 4144 quae
515 4079 615 4143 supra
638 4061 750 4144 attuli,
773 4083 837 4160 non
859 4062 965 4126 minue
988 4081 1086 4144 quam
1107 4061 1181 4146 ipae
1202 4054 1302 4126 uerba

120 4178 304 4260 aaronem
327 4181 449 4261 nobum
477 4181 561 4248 locta
588 4179 742 4245 animalia
768 4180 912 4266 gramine
939 4180 1102 4246 uescentia
1129 4178 1301 4262 significari

124 4294 303 4366 declarant.

1083 4419 1101 4468 4
