3034 4832
777 385 818 448 64

210 609 281 670 per·
296 591 361 654 5551
384 583 482 652 habel
509 603 573 668 quo
601 582 780 666 probetur:
811 603 886 648 nam
914 587 946 648 et
975 601 1046 648 sero
1075 580 1388 666 661100100011550

214 705 377 771 distinctio
393 709 428 770 el
449 705 533 787 ipisis
547 701 716 768 offensioni
731 707 791 768 551.
828 701 1022 786 Bernaysius
1038 700 1124 784 quod
1140 721 1242 785 supro
1252 699 1389 784 legimus

214 827 329 892 saeclis
355 822 499 907 scripsit,
515 821 616 906 ,quod
642 820 801 886 Christiue
830 819 988 904 (Quaesti.
1009 815 1102 888 Lucrss
1126 843 1159 904 p.
1185 817 1390 904 1215501150,

213 943 377 1028 improbat
403 922 607 1006 Purmannus
637 941 798 1027 (Quaeslt.
821 940 929 1022 Lucu,
951 939 1052 1006 Laub.
1079 945 1174 1022 1858,
1204 961 1236 1022 p.
1260 945 1296 1021 5,
1329 939 1390 1004 ubi

215 1064 313 1130 eliam
327 1061 524 1128 Laohmanni
546 1061 759 1126 coniecturum
781 1059 910 1125 uberius
932 1058 1077 1145 refutat),
1099 1060 1155 1143 qui
1177 1065 1265 1128 reete
1279 1065 1391 1125 monet

215 1184 321 1250 saecla
340 1182 404 1246 nix
432 1201 526 1265 posse
553 1181 600 1246 sic
628 1179 712 1244 nude
739 1179 816 1263 poni
838 1177 1016 1263 falsamque
1037 1201 1107 1245 esse
1128 1179 1389 1246 disiunctionem.

216 1308 314 1386 atque
334 1323 374 1367 ne
396 1303 456 1366 hae
477 1302 604 1385 quidem
627 1299 848 1367 emendatione
869 1303 998 1382 recepta
1020 1299 1098 1381 quid
1120 1299 1182 1366 eibi
1204 1299 1283 1379 uelit
1298 1299 1391 1382 ipsis

214 1420 374 1506 intellego.
419 1421 622 1487 Purmannus
644 1419 800 1487 lambino
823 1416 1014 1502 5555001005,
1043 1419 1137 1486 redas
1158 1425 1267 1484 lamen
1288 1416 1391 1482 lolius

215 1546 327 1624 patere
353 1540 425 1606 uult
452 1540 640 1624 intellegens
668 1543 749 1622 ι555,
779 1538 894 1622 quibus
921 1539 1070 1604 materies
1098 1543 1188 1603 certa
1209 1537 1314 1602 forma
1336 1537 1391 1602 de-

216 1659 338 1743 scripta
365 1659 575 1725 exhibeatur)
619 1658 736 1723 Munro
765 1656 894 1740 scripsil
926 1651 1064 1723 Tenerid.
1102 1657 1237 1723 etmihi
1259 1655 1390 1739 quidem

216 1777 303 1842 nulla
330 1778 485 1844 eiusmodi
512 1779 682 1844 disiunctio
711 1776 839 1842 uidetur
866 1774 905 1840 de
932 1776 1072 1840 Lucretii
1100 1743 1259 1870 senteniia
1281 1776 1391 1862 posita

217 1919 296 1966 esee.
341 1898 396 1964 sed
427 1906 503 1965 sunl
530 1897 640 1963 eodem
668 1897 738 1962 1000
765 1895 844 1978 alia,
878 1916 959 1979 quae
986 1901 1140 1978 corrupta
1167 1916 1236 1962 esse
1263 1895 1389 1962 ducam.

216 2037 254 2083 ae
281 2017 420 2102 primum
448 2017 576 2102 quidem
603 2016 685 2098 ipsis
711 2015 795 2082 mele
825 2036 859 2080 se
886 2014 998 2092 habet,
1032 2014 1099 2079 siue
1126 2014 1293 2098 Bernaysii
1320 2016 1390 2082 siue

217 2137 353 2202 aliorum
384 2131 636 2204 emendationem
668 2155 812 2218 sequare.
870 2133 982 2198 deinde
1009 2133 1044 2197 in
1070 2133 1237 2217 Bernayeii
1266 2137 1390 2201 coniec-

217 2263 292 2323 tura
312 2257 347 2322 id
368 2264 417 2323 est
439 2257 615 2338 offensioni,
640 2255 726 2338 quod
748 2251 1391 2338 505355511515050155155010910555

218 2377 331 2467 scripti
354 2383 438 2459 aunt,
462 2376 517 2442 sed
537 2363 653 2442 ‘suedis
675 2380 708 2438 el
729 2373 908 2458 ropionibus
923 2370 983 2452 ’(51.
1006 2371 1021 2435 I
1044 2379 1105 2438 450
1128 2374 1240 2438 luorum
1261 2379 1373 2440 euentu
1381 2401 1399 2470 ,χ
1453 2397 1456 2404 ’

219 2499 278 2561 481
303 2515 351 2578 sq.
380 2501 491 2562 euentu
519 2495 660 2577 eorporis
682 2499 773 2576 atque
793 2493 876 2576 loci).
919 2499 989 2557 tum
1011 2512 1124 2556 uersus
1149 2497 1210 2557 467
1240 2497 1301 2559 468
1324 2514 1391 2557 non

217 2611 250 2677 id
277 2612 434 2695 efficiunt,
466 2613 552 2697 quod
584 2611 708 2703 efficere
736 2610 864 2677 debent.
914 2610 1073 2677 sententia
1106 2611 1189 2674 enim
1218 2610 1295 2676 haec
1320 2620 1389 2679 eet:
1485 2644 1486 2650 κ

217 2731 356 2797 Helenae
384 2738 498 2816 raptus
527 2739 559 2799 et
587 2731 706 2797 bellum
728 2731 902 2796 Troianum
929 2752 993 2796 non
1015 2733 1152 2816 possunt
1174 2751 1243 2796 5555
1264 2751 1322 2815 per
1345 2753 1389 2816 se,

218 2851 295 2934 quia
316 2853 469 2936 homines,
491 2871 627 2936 quorum
650 2829 766 2916 euentu
787 2851 866 2918 haee
885 2851 1024 2932 fuerunt,
1040 2847 1135 2933 longo
1155 2855 1230 2915 aule
1244 2856 1390 2935 tempore

218 2960 393 3054 perierudt.
451 2979 486 3036 ai
521 2971 648 3036 etiamsi
684 2969 805 3036 nostris
842 2971 925 3036 haee·
958 2979 1146 3054 gererentur
1178 2971 1389 3055 temporibus,

218 3097 335 3154 euentu
356 3095 471 3172 assent,
493 3110 596 3171 neque
617 3109 694 3156 uero
712 3097 819 3169 essent
833 3110 890 3178 per
906 3112 949 3156 55.
993 3089 1051 3156 hoe
1066 3090 1165 3173 igitur
1180 3089 1260 3154 duos
1275 3107 1390 3153 uersus

219 3207 260 3272 ab
288 3206 391 3274 otioso
419 3209 627 3293 grammatico
655 3208 781 3275 additos
811 3227 880 3274 esee
907 3229 944 3274 eo
971 3209 1073 3292 magis
1102 3181 1171 3274 ueri
1200 3209 1302 3274 simile
1329 3211 1389 3290 056,

220 3325 306 3410 quod
338 3327 502 3395 abstulerit
535 3327 755 3394 coniunctiuus
787 3329 843 3392 uix
877 3333 985 3411 potest
1012 3328 1159 3411 tolerari,
1193 3345 1390 3410 quamquam

218 3467 309 3513 nemo
331 3446 512 3533 philologus
535 3445 639 3514 adhuc
659 3468 695 3513 eo
719 3445 857 3526 offeneus
873 3451 932 3512 551.
969 3468 1045 3512 nam
1060 3447 1249 3530 ubicumque
1265 3448 1390 3530 quando

217 3588 238 3632 a
266 3566 414 3632 Lucretio
440 3563 631 3652 usurpatur,
662 3589 838 3651 numquam
865 3589 946 3648 non,
974 3572 1012 3632 ut
1038 3573 1184 3651 pareat,
1215 3586 1287 3631 oum
1308 3563 1390 3630 indi-

219 3685 326 3752 050150
353 3686 484 3769 ponitur
513 3687 542 3771 (1
573 3691 633 3754 188
665 3713 709 3740 =
737 3687 768 3751 ΙΙ
796 3692 867 3754 707.
902 3687 918 3750 Ι
948 3691 1020 3752 206.
1049 3691 1120 3754 263.
1149 3692 1221 3752 405.
1255 3684 1287 3748 ΙΙ
1315 3690 1389 3752 066.

218 3805 361 3873 1Π384.
385 3813 456 3873 544.
479 3806 508 3871 V
530 3811 602 3873 233.
626 3807 712 3890 412),
735 3828 794 3871 neo
815 3807 918 3887 uideo,
941 3825 1041 3888 quare
1063 3805 1157 3868 huius
1179 3803 1242 3869 loei
1263 3805 1347 3870 ratio
1370 3825 1390 3870 a

218 3924 333 3990 celeris
361 3924 496 3992 differat.
540 3947 653 3991 uersus
681 3931 743 3992 469
773 3931 835 3991 470
863 3923 903 3988 ab
931 3923 1163 4005 interpolatore
1190 3922 1292 3989 factos
1322 3944 1390 3988 5555
1417 3904 1423 3913 ’

220 4043 388 4127 quominus
421 4045 625 4128 contendam,
659 4065 723 4110 non
754 4050 822 4110 tam
851 4042 985 4107 Nonins'
1004 4041 1170 4125 prohibet,
1204 4042 1259 4124 qui
1286 4042 1389 4109 altero

97 4226 101 4232 .
219 4183 315 4228 uersu
343 4163 464 4246 utitur,
493 4185 590 4247 quam
619 4162 705 4248 quod
732 4163 810 4272 mih}
837 4161 871 4224 in
899 4161 944 4225 515
959 4152 1074 4244 latere
1102 4160 1229 4226 uidetur
1256 4159 1387 4244 aliquid,

218 4283 302 4366 quod
325 4304 400 4348 uero
421 4282 612 4366 Epicureum
635 4284 692 4364 sit,
715 4280 863 4364 quodque
884 4280 1022 4346 fortasse
1044 4280 1111 4345 erit·
1128 4279 1183 4362 qui
1205 4279 1388 4346 coniectura
