3028 4830
768 359 809 422 24

231 563 256 621 V
300 565 341 622 80
537 562 648 622 ...ad
669 559 766 636 fruges
788 561 933 636 augendas
954 567 1041 636 atque
1061 561 1221 620 auimauo'a.

243 714 257 772 I
279 717 340 774 744
383 721 452 776 aera
473 714 562 774 solem
584 715 680 788 ignem
700 720 794 774 terras
815 714 955 774 animatia
976 711 1082 787 fruges.

273 862 450 932 =Anunons
477 867 643 946 praeterea
672 884 795 946 semper
821 867 1015 946 usurpatur,
1042 863 1098 930 ubi
1126 862 1233 947 agitur
1255 861 1294 928 de
1315 861 1370 944 eis,

209 1003 291 1066 quae
312 981 412 1046 totius
435 983 559 1066 generis
581 983 714 1066 propria
736 988 820 1065 sunt,
842 987 880 1046 ut
901 982 940 1047 de
962 1003 1080 1048 sensu:¹

233 1140 260 1196 II
283 1142 344 1200 880
540 1135 746 1219 ...(natura)
767 1140 834 1199 hino
856 1155 955 1199 sensus
976 1139 1151 1236 animantum
1172 1144 1307 1215 procreat

1019 1257 1124 1302 omnes.

666 1423 672 1436 .
690 1422 696 1436 .
714 1423 721 1436 .
738 1379 841 1450 quibus
863 1377 1055 1437 omnituentes

231 1480 260 1538 II
282 1482 342 1540 943
388 1479 500 1540 accensi
522 1495 621 1538 sensus
642 1477 786 1537 animante
807 1481 838 1538 in
860 1495 973 1552 quaque
994 1480 1167 1556 aienturffi).

387 1631 528 1708 principio
551 1638 697 1704 nequeunt
718 1633 804 1691 nlius
826 1634 955 1706 corporis
977 1649 1038 1692 esse

232 1734 261 1792 II
283 1737 344 1794 938
389 1750 489 1792 sensus
511 1737 576 1792 ante
597 1735 689 1806 ipsam
711 1736 837 1807 genitam
859 1742 990 1793 naturam
1012 1734 1173 1794 animamia.

222 1887 261 1945 VI
284 1888 345 1948 984
543 1886 689 1946 ...uarii
711 1903 812 1948 sensus
835 1888 1024 1947 animantibus
1045 1888 1151 1949 insunt.

212 2052 374 2119 delibera
395 2051 542 2118 mouendi
564 2055 736 2136 potestate:

234 2211 262 2268 11
286 2212 347 2270 256
391 2206 486 2270 libera
507 2227 559 2282 per
580 2215 674 2269 terras
695 2210 771 2269 unde
792 2211 864 2269 haec
884 2210 1073 2269 animantibus
1094 2215 1197 2281 exstat,

390 2312 466 2371 unde
489 2318 533 2370 est
554 2312 634 2383 haee,
656 2313 782 2384 inquam,
802 2312 869 2372 fatis
890 2313 990 2372 auolsa
1011 2317 1148 2386 potestas,

391 2430 444 2487 per
467 2429 552 2485 quam
573 2413 774 2486 progredimur
795 2431 851 2487 quo
874 2415 953 2474 duait
974 2431 1114 2487 quemque
1135 2410 1290 2473 uoluntas?

215 2564 254 2630 de
274 2563 345 2630 oibo
367 2560 535 2646 capiendo:

252 2723 266 2780 1
290 2723 349 2781 194
391 2736 445 2778 neo
466 2733 554 2793 porro
577 2723 688 2778 secreta
709 2720 773 2779 cibo
795 2726 900 2781 natura
921 2721 1097 2780 animantum

253 2827 256 2837 '
392 2839 554 2900 propagare
576 2837 665 2896 genus
687 2823 787 2895 possit.

252 2978 265 3036 Ι
289 2979 348 3037 350
392 2975 513 3049 dissipat
534 2977 564 3033 in
587 2991 690 3048 eorpus
712 2991 774 3034 1111
796 2977 876 3036 oibus
898 2993 981 3036 omne
1003 2976 1187 3035 animantum.

231 3130 244 3187 I
268 3129 349 3188 1038
395 3210 458 3270 (ΗΜ
480 3212 502 3270 ‘t
546 3127 732 3200 ...priuata
753 3129 817 3188 oibo
838 3135 942 3189 natura
962 3129 1137 3190 animantum

459 3229 488 3270 un
504 3257 511 3271 .

229 3367 270 3425 IV
293 3368 353 3426 643
550 3409 557 3425 .
574 3414 581 3426 .
599 3413 605 3426 .
622 3375 719 3427 omnes
734 3384 929 3441 quaecumque
945 3369 1041 3430 cibum
1056 3368 1173 3442 capiunt
1186 3367 1353 3426 animamur.

229 3521 268 3580 IV
291 3521 351 3582 856
550 3567 556 3580 .
575 3567 584 3581 .
600 3568 605 3582 .
622 3519 1290 3596 11111111111111111111111111111111.

220 3655 421 3667 m

310 3743 349 3819 16)
372 3743 419 3802 Sio
446 3741 628 3801 scribendum
659 3759 721 3801 esse
742 3742 858 3802 uidetur
878 3745 1042 3802 Purmanno
1064 3743 1136 3802 duee
1158 3743 1199 3817 (in
1220 3740 1303 3800 Iahni
1324 3738 1384 3798 An·

220 3827 334 3886 nulibus
352 3827 461 3886 LXVII
482 3845 509 3900 p.
529 3828 588 3887 673
605 3829 670 3902 sq.),
692 3829 774 3888 ouius
796 3828 1022 3888 emendationem
1043 3829 1242 3901 probauerunt
1256 3826 1291 3883 E.
1309 3825 1383 3882 Goe-

221 3912 314 3971 belius
336 3913 474 3986 (Quaestt
496 3915 581 3975 Luor.
605 3915 668 3972 crit.
691 3933 719 3987 p.
747 3913 796 3990 15)
819 3920 849 3973 et
869 3915 984 3973 Munro.
1029 3914 1155 3974 oodioes:
1183 3913 1283 3990 quibua
1304 3929 1385 3968 omna

221 4007 326 4056 tuamen
357 3998 471 4056 accensi
500 4018 599 4056 sensus
631 3999 801 4058 animantem
834 4019 973 4078 quamque
1000 4007 1118 4058 tuentur.
1167 3997 1383 4057 Lachmaunus:
1467 4043 1472 4056 .

222 4083 402 4140 omnituentes
431 4081 479 4158 (ex
507 4083 634 4143 Turnebi
662 4085 838 4160 coniectura)
866 4085 980 4143 aaaanau'
1003 4105 1101 4142 seusus
1122 4084 1296 4144 animantum
1320 4100 1384 4138 aon-

222 4177 390 4227 curarentur.
435 4169 625 4242 Beruaysius:
650 4171 749 4247 quibua
770 4170 946 4229 omuiaieutar
967 4170 1080 4228 accensi
1099 4188 1196 4228 samua
1214 4167 1385 4227 auiuaontam

222 4273 369 4332 quamquo
381 4263 500 4314 tuemur.
