3034 4832
651 398 804 492 ,64-

139 596 173 658 in
205 593 257 658 his
291 595 388 660 16416
405 593 698 678 (Winkehnannus‚
732 597 834 664 Beitr.
868 619 900 682 p.
932 604 970 664 12
1001 597 1144 682 praefert
1172 601 1313 684 defecta),

138 715 269 795 ridenti,
287 733 382 780 aeuo
415 713 605 780 manifestae
632 714 869 782 emendationes
897 737 966 782 esse
998 717 1157 785 uidentur.
1207 725 1315 788 cetera

139 833 374 904 Lachmannus,
388 833 434 899 sie
455 834 600 919 scripsit:
624 857 731 918 aurea,
751 856 914 917 pauonum
935 838 1052 904 ridenti
1072 840 1196 904 11611616
1211 839 1315 920 lepore

65 943 71 949 ’
140 955 262 1038 664416;
297 955 509 1038 Bernaysius:
543 957 705 1040 caudaque
725 943 897 1037 *pamm
923 957 1041 1022 ridenti
1067 941 1184 1024 tatere
1211 958 1315 1040 lepore

139 1094 232 1138 caeco
258 1093 339 1140 aeuo
362 1097 441 1155 ...3
465 1073 582 1138 Munro
609 1081 684 1159 post
709 1096 742 1140 u.
765 1080 824 1140 501
854 1073 1036 1140 huiusmodi
1065 1097 1194 1141 uersum
1215 1076 1314 1142 inter·

139 1191 254 1274 cidisse
276 1197 386 1275 putat:
411 1199 441 1258 et
462 1215 541 1277 quos
563 1195 729 1260 ostendunt
748 1193 784 1282 ia
805 1194 885 1260 solis
903 1195 970 1262 lace
984 1195 1113 1262 colores.
1147 1195 1315 1279 Bernaysii

137 1311 336 1394 ingeniosam
362 1311 578 1379 coniecturam
599 1311 695 1378 ualde
715 1312 849 1398 infringi
871 1313 948 1379 dicit
970 1313 1129 1380 Christius
1151 1314 1313 1400 (Quaestt,

137 1430 231 1496 Lucr.
253 1452 286 1515 p.
308 1430 343 1516 4)
372 1430 514 1516 capitulo
542 1432 611 1498 ‘De
634 1433 787 1514 puucae’,
817 1432 904 1515 quod
930 1433 963 1496 in
993 1432 1100 1498 codice
1127 1434 1314 1500 Victoriano

138 1549 285 1615 additum
307 1551 351 1616 sit
373 1557 449 1616 ante
463 1574 495 1616 u.
512 1557 574 1618 502
598 1551 700 1634 (deest
720 1551 855 1615 enimin
870 1549 1101 1636 hidensibus),
1124 1559 1313 1636 comparato

138 1691 211 1736 cum
242 1668 384 1752 capitulo
408 1670 475 1736 ‘Dc
504 1673 607 1738 cauda
627 1671 784 1753 peaoais’
813 1677 889 1735 ante
915 1692 946 1735 u.
971 1675 1033 1740 8116
1055 1671 1172 1754 posito.
1191 1739 1194 1746 ,
1216 1677 1313 1754 quam

137 1811 206 1854 rem
227 1787 373 1871 equidem
395 1810 459 1854 uon
481 1791 565 1855 tanti
586 1788 723 1854 fecerim.
767 1794 912 1855 attamen
934 1789 1056 1854 nullam
1077 1791 1193 1856 harum
1208 1812 1312 1856 emen·

136 1907 305 1973 dationum
327 1908 423 1990 plane
444 1910 585 1993 probare
607 1929 753 1992 possum,
781 1928 975 1991 quamquam
996 1897 1162 1974 Mumonis
1185 1907 1313 1992 quidem

137 2029 314 2112 sententia,
346 2028 481 2112 periisse
514 2049 642 2094 uersum
676 2033 751 2093 ante
786 2033 858 2110 502,
896 2029 1032 2094 multum
1064 2030 1162 2096 habat
1195 2029 1312 2112 proba·

134 2148 285 2215 bilitaiis.

222 2303 354 2388 Legitur
376 2301 512 2386 denique
534 2303 632 2369 saecli
653 2301 845 2369 uocabulum
867 2301 883 2367 Ι
906 2308 967 2369 467
990 2309 1023 2368 41
1046 2307 1117 2384 469,
1141 2297 1311 2385 dequibus

134 2421 216 2488 locis
244 2443 309 2488 non
335 2423 441 2488 minus
468 2423 611 2507 ambigo,
642 2444 714 2490 cum
741 2422 819 2488 mihi
837 2403 975 2506 quidem
997 2442 1106 2487 omnes
1128 2421 1175 2486 illi
1197 2444 1310 2488 uersus

134 2542 268 2628 grauius
295 2541 440 2625 corrupti
467 2563 535 2607 esso
556 2542 742 2626 uideantur,
766 2563 863 2626 quam
885 2541 957 2608 aliis
979 2541 1042 2608 uisi
1064 2548 1148 2607 sunt.
1192 2563 1212 2606 a
1233 2543 1309 2607 Ber-

134 2663 249 2747 naysio
271 2661 398 2746 quidem
421 2661 467 2734 sio
489 2647 604 2746 scripti
626 2668 715 2729 sunt:
808 2736 810 2742 ¹

321 2819 446 2893 denique
467 2818 661 2894 Tyndaridem
682 2824 796 2894 raptam
817 2818 952 2893 belloque
974 2819 1107 2879 subactas

320 2920 501 2995 Troiugenas
523 2922 618 3020 gentis
641 2937 705 2981 oum
727 2921 826 2982 dicunt
848 2937 919 2996 esse,
943 2922 1128 2981 uidendumst
1165 2977 1179 3006 ,
1260 2945 1261 2950 ’

320 3040 356 3082 ne
378 3015 455 3083 forte
477 3024 549 3083 haec
569 3041 623 3098 per
645 3041 675 3083 se
698 3031 802 3098 cogant
823 3041 876 3084 nos
898 3039 961 3084 esse
982 3021 1077 3103 fateri,

215 3128 277 3187 467
321 3125 437 3198 quando
459 3142 494 3186 ea
515 3129 610 3188 464416
630 3128 792 3201 bominum,
820 3143 941 3201 quorum
963 3127 1035 3186 haec
1056 3130 1162 3201 euentu
1183 3123 1309 3200 fuerunt,

319 3229 523 3288 inreuocabilis
544 3230 697 3289 abstulerit
718 3229 776 3288 iam
798 3230 957 3303 praeterita
978 3235 1074 3288 aetas:
1142 3221 1152 3234 ‘

215 3333 276 3390 469
320 3346 444 3404 namque
466 3329 546 3390 aliud
567 3332 678 3411 saeclis,
700 3330 780 3390 aliud
800 3331 971 3404 regionibus
992 3331 1063 3404 ipsis

320 3437 455 3492 euentum
469 3433 534 3493 dici
555 3433 663 3506 poterit
687 3432 887 3506 quodcumque
909 3433 965 3492 erit
986 3437 1089 3492 actum.
1141 3501 1156 3532 ⁹

133 3583 171 3647 in
199 3577 360 3648 codicibus
381 3586 489 3648 autem
511 3602 541 3646 u.
565 3587 628 3648 469
651 3601 716 3646 non
738 3582 939 3662 ostreselae,
967 3577 1049 3662 duae
1070 3584 1120 3647 est
1140 3580 1309 3666 Bernaysii

133 3698 332 3781 emendatio,
363 3700 419 3765 sed
446 3703 551 3767 terris.
594 3701 659 3765 iam
686 3701 826 3784 primum
854 3719 936 3782 quae
958 3699 1239 3766 Winokeliuannus
1266 3701 1308 3766 ad

133 3817 367 3886 defendendam
396 3819 478 3921 bano
506 3818 700 3903 scripturam
729 3818 822 3883 affert
837 3843 839 3848 ·
852 3819 970 3901 (Beue.
1000 3842 1028 3887 a.
1058 3819 1132 3887 ferit.
1159 3819 1188 3886 d.
1213 3821 1307 3886 Luca

133 3960 168 4023 p.
193 3939 243 4024 3),
271 3957 309 4003 ea
335 3958 394 4022 ego
423 3937 550 4021 quidem
577 3960 642 4004 non
659 3937 820 4021 intellego.
864 3942 933 4002 tum
955 3933 1104 4004 Lambini
1125 3939 1309 4004 coniectura

132 4060 243 4140 cebris,
273 4079 369 4142 quam
393 4059 437 4123 sio
459 4057 613 4141 explicat:
647 4055 825 4139 ‘Quidquid
847 4061 1039 4140 summost,
1068 4062 1217 4122 euentum
1239 4077 1308 4122 esse

90 4171 95 4181 “
135 4178 189 4243 uel
210 4177 321 4260 rebuS‚
350 4177 384 4242 id
404 4181 454 4241 est
475 4175 636 4260 personis,
667 4173 948 4284 uel-regionibusss
971 4178 1039 4240 tam
1062 4174 1247 4257 sudasset,
1270 4183 1307 4240 ut
1347 4222 1350 4228 ·

135 4296 330 4362 refutatione
357 4303 422 4361 nori
449 4301 549 4381 egeat.
594 4293 649 4360 sed
678 4315 718 4358 ne
746 4294 942 4360 Lachmanni
971 4293 1097 4376 quidem
1124 4294 1307 4362 coniectura
