3028 4830
747 387 766 449 8

171 591 241 656 dus.
285 590 313 654 is
335 588 428 669 enim,
452 587 508 670 qui
530 585 641 652 definit
661 583 719 672 τὴν
741 580 943 672 φιλοσοφίαν
959 581 1121 672 ἐνέργειαν
1136 575 1220 649 εἶναι
1234 577 1344 668 λόγοις

170 707 226 774 καὶ
239 707 467 792 διαλογισμοῖς
487 703 556 770 τὸν
578 699 798 788 εὐδαίμονα
816 700 905 788 βίον
926 705 1224 790 περιποιοῦσαν
1239 702 1341 786 (Sext.

171 829 264 911 Emp.
292 827 366 892 oda.
393 825 491 890 moth.
520 823 566 888 XI
596 825 685 908 169),
724 825 780 907 qui
810 824 978 888 dialectica
1007 842 1247 906 superuacanea
1276 842 1344 886 esse

172 947 264 1011 docet
285 945 391 1029 (Diog.
411 943 447 1007 L.
468 943 497 1006 X
520 942 584 1027 31),
606 943 656 1006 cui
677 943 755 1008 haec
776 943 997 1027 philosophiae
1017 941 1101 1006 ratio
1123 945 1265 1005 constat:
1289 937 1345 1004 ἐὰν

171 1059 216 1150 μή
237 1087 290 1140 τις
311 1061 368 1128 τὸν
389 1065 512 1148 μοναχῆ
533 1054 659 1147 τρόπον
680 1060 917 1147 κατηγαπηκὼς
937 1060 1013 1139 τούς
1036 1053 1153 1136 ἄλλους
1174 1053 1218 1134 ὡς
1236 1056 1346 1134 κενοὺς

173 1175 403 1267 ἀποδοκιμάζῃ
426 1181 529 1266 (Diog.
545 1181 580 1246 L.
597 1181 626 1244 X
641 1182 705 1264 94),
729 1181 818 1246 euius
841 1171 1029 1246 doctrina'a
1051 1185 1144 1244 tanto
1167 1199 1261 1262 grege
1283 1177 1345 1242 dis-

176 1302 355 1386 cipulorum
376 1321 441 1364 uon
464 1299 669 1365 excolebatur
689 1303 745 1364 aut
766 1299 1011 1365 emendabatur:
1034 1299 1061 1363 is
1083 1296 1226 1381 profecto
1243 1295 1345 1378 philo-

176 1421 269 1504 sophi
289 1439 406 1483 nomen
429 1440 553 1483 summa
575 1418 636 1484 sibi
658 1417 802 1482 uindicat
823 1418 951 1482 iniuria.

262 1535 314 1601 Sic
328 1535 407 1600 mihi
421 1536 561 1603 effecisse
574 1536 685 1601 uideor
698 1557 776 1601 uero
791 1537 992 1621 philosopho,
1015 1536 1071 1619 qui
1085 1556 1186 1600 nouas
1200 1533 1347 1599 notiones

175 1659 325 1737 usurpet,
352 1654 447 1720 licere
477 1676 535 1719 sua
561 1677 599 1720 ac
627 1677 711 1721 noua
737 1657 882 1721 oratione
903 1657 968 1732 uti,
998 1656 1065 1720 siue
1084 1674 1168 1718 noua
1190 1653 1349 1719 uocabula

181 1774 217 1837 in
238 1773 381 1857 linguam
399 1772 593 1860 introducat,
618 1778 685 1842 siue
699 1781 850 1840 notorum
865 1780 897 1840 et
911 1776 1103 1840 usitatorum
1118 1772 1349 1838 uocabulorum

177 1896 371 1976 potestatem
392 1899 524 1978 augeat,
553 1896 729 1979 stolidoque
750 1917 804 1961 eos
827 1915 930 1980 agere,
954 1893 1009 1976 qui
1031 1913 1051 1957 a
1072 1891 1264 1987 philosopho
1285 1912 1350 1955 non

177 2009 271 2075 modo
286 2012 557 2096 perspicuitatem,
581 2015 637 2079 sed
651 2015 784 2079 eandem
798 2014 1057 2097 perspicuitatem
1072 2010 1246 2095 postulent,
1269 2031 1351 2092 quae

79 2223 82 2232 ,
178 2134 325 2194 uersetur
352 2131 387 2195 in
410 2115 590 2198 ceterorum
609 2133 767 2198 bonorum
790 2133 983 2216 scriptorum
1006 2131 1160 2196 oratione.
1182 2167 1225 2176 —
1246 2128 1291 2192 At
1312 2149 1351 2192 ne
1419 2217 1421 2222 Ι

177 2249 268 2313 illum
301 2249 442 2333 quidem,
476 2253 532 2333 qui
566 2273 631 2316 non
666 2253 769 2334 possit
803 2272 862 2334 pro
890 2249 1081 2333 philosopho
1108 2247 1222 2353 haberi
1251 2267 1353 2330 neque
1420 2245 1424 2249 ’

180 2367 530 2464 ρΙιῙΙΟΒΟΡΙιὶὶοιοιίοαο
551 2375 672 2452 utatur,
696 2368 851 2452 siquidem
873 2368 912 2433 de
934 2368 1030 2433 robus
1048 2368 1198 2450 disserat,
1222 2367 1353 2449 quaein
1452 2410 1454 2415 -
1512 2349 1513 2412 l

180 2485 384 2568 philosophia
410 2487 546 2554 tractari
576 2488 716 2570 soleant,
739 2491 820 2554 artis
841 2486 1009 2554 uocabulis
1033 2487 1354 2570 supersedereposse

182 2602 348 2669 contendo.
393 2605 520 2682 etiamsi
547 2608 631 2671 enim
658 2607 755 2672 nullis
777 2608 839 2672 nisi
860 2607 956 2692 plane
978 2605 1166 2690 uulgaribus
1188 2604 1353 2672 uocabulis

181 2727 303 2806 utatur,
326 2724 377 2790 his
399 2723 479 2807 ipsis
501 2726 668 2792 uocabulis
690 2727 788 2792 aliam
811 2732 844 2792 et
864 2747 983 2792 nouam
1006 2725 1132 2791 tribuat
1146 2726 1213 2790 uim
1227 2743 1354 2789 necesse

182 2847 244 2924 est,
273 2843 359 2925 quod
381 2866 453 2909 cum
474 2844 601 2928 fecerit,
629 2852 699 2910 tum
720 2848 802 2912 artis
823 2845 1015 2942 uocabulum
1038 2845 1208 2910 exstiterit.
1252 2842 1353 2908 multo

184 2967 293 3026 autem
314 2961 475 3028 difficilius
497 2966 559 3030 erit
581 2966 741 3029 rationem
762 2966 801 3031 de
822 2965 917 3029 huius
934 2985 1079 3029 sermone
1093 2962 1235 3044 reddere,
1258 2982 1355 3044 quam

183 3079 223 3144 de
244 3079 327 3161 eius,
356 3080 412 3162 qui
439 3102 525 3146 noua
546 3082 704 3147 uocabula
724 3082 831 3167 fingit,
862 3105 935 3148 cum
956 3082 1147 3148 uocabulum
1169 3080 1355 3165 multiplicis

184 3199 357 3282 potestatis
379 3197 539 3264 difficilius
563 3200 605 3264 sit
625 3200 805 3284 intellectu,
828 3223 925 3285 quam
947 3201 989 3285 id,
1013 3202 1102 3268 ouius
1123 3205 1268 3291 potestas
1291 3219 1357 3263 una

185 3316 229 3380 sit
256 3321 288 3381 et
319 3337 444 3400 semper
472 3318 591 3384 eadem.
636 3341 733 3402 quam
755 3320 796 3385 ob
819 3342 948 3386 oausam
970 3326 1104 3405 propter
1126 3320 1230 3403 ipsam
1252 3319 1356 3382 notio·

185 3455 262 3499 num
291 3435 502 3502 subtilitatem
530 3444 561 3503 et
589 3439 781 3522 elegantiam
809 3461 846 3505 ea
867 3440 1087 3525 philosophia,
1119 3460 1202 3523 quae
1224 3437 1356 3503 seueris·

185 3554 268 3619 sima
289 3559 321 3619 et
343 3556 534 3639 grauissima
554 3558 700 3623 oratione
723 3559 873 3643 traditur,
895 3561 1020 3626 facilius
1034 3557 1238 3642 intellegitur,
1261 3578 1358 3640 quam

187 3694 269 3755 quae
297 3675 449 3758 populari
476 3676 581 3742 forma
609 3683 790 3743 enarratur.
834 3679 894 3744 hoe
914 3680 1013 3764 igitur
1034 3699 1106 3744 cum
1128 3678 1162 3742 in
1182 3676 1358 3760 Epicurum

185 3791 286 3874 cadit,
314 3797 384 3857 tum
409 3796 511 3861 multo
540 3796 642 3880 magis
672 3796 769 3860 etiam
795 3797 829 3861 in
851 3797 1033 3882 Lucretium
1062 3795 1253 3880 discipulum
1280 3794 1357 3873 eius,

187 3911 242 3995 qui
275 3910 538 3997 philosophorum
573 3914 701 3981 decreta
733 3916 879 3982 uersibus
913 3917 1094 3983 tradiderit.
1151 3934 1251 3999 quare
1287 3932 1358 3978 cum

188 4029 317 4095 difficile
342 4037 392 4095 est
419 4033 577 4098 rationem
603 4033 736 4100 reddere
762 4036 801 4101 de
821 4037 955 4121 Epicuri
975 4037 1057 4102 artis
1079 4034 1259 4114 uocabulis,
1290 4036 1359 4096 tum

187 4149 288 4213 multo
318 4149 495 4234 difficilius,
523 4152 680 4218 uocabula
701 4154 839 4222 Lucretii
867 4155 1001 4239 propria
1030 4155 1197 4238 explicare.
1242 4155 1359 4237 pottae

190 4268 276 4335 euim
297 4291 363 4336 non
383 4271 479 4338 modo
501 4272 577 4339 licet
598 4295 776 4341 sermonem
797 4274 925 4340 uariare
946 4279 1043 4359 atque
1064 4295 1132 4340 rem
1153 4293 1251 4339 unam
1265 4289 1358 4342 uoca-
