3028 4830
729 363 882 490 gn..

161 671 165 678 ,
221 596 346 682 syllaba
367 596 419 663 bis
440 603 531 662 toruo
551 594 659 690 posita
680 595 715 660 in
736 595 846 661 codem
867 615 964 660 uersu
985 607 1119 678 prorsus
1141 615 1181 660 ex
1202 614 1264 658 usu
1278 594 1396 660 Lucro·

220 715 310 780 tiano
337 721 402 797 cst3
434 713 474 780 cf.
502 713 620 780 1610:
648 715 812 780 cohaerent
833 715 983 795 partious
1010 719 1088 778 crte.
1138 718 1216 779 667:
1252 714 1283 778 st
1301 719 1398 795 parte
1433 735 1439 742 ·

218 839 390 916 reportent.
437 838 531 900 1000:
565 853 660 898 nore*
686 838 790 897 tenos
817 833 963 898 terminet
991 833 1099 897 connis.
1156 837 1229 896 642.
1260 831 1395 897 11131.

221 957 293 1019 640.
317 958 379 1018 964
402 952 475 1018 alia
519 958 551 1017 et
573 971 613 1015 ne
634 951 685 1015 oui
706 957 741 1017 nt
763 953 794 1016 st
816 950 879 1015 alio
901 950 1057 1018 uocabulo
1080 950 1275 1015 disiunctum
1296 950 1395 1016 offen-

219 1069 303 1134 sioni
331 1070 390 1153 sit,
416 1069 514 1135 affero
541 1069 586 1134 IV
608 1075 684 1135 991:
713 1076 749 1135 nt
775 1071 912 1153 nestipn'n
939 1071 969 1135 sn'
997 1075 1127 1136 teneant.
1171 1068 1216 1133 VI
1241 1059 1397 1136 161111

220 1190 358 1272 nptnm
379 1191 409 1254 st'
428 1190 582 1272 pncntint
604 1190 699 1272 lupis.

304 1307 431 1374 Miraris
452 1307 598 1389 forsitan,
621 1306 708 1390 quod
728 1306 763 1371 in
784 1305 835 1371 his

242 1465 269 1524 V
291 1467 352 1526 852
396 1465 543 1560 multoque
565 1470 627 1523 tum
648 1465 795 1524 interiissc
817 1464 994 1522 animantum
1016 1464 1111 1522 saecla
1131 1471 1286 1546 necessest,

219 1634 285 1678 non
316 1615 502 1680 nonnetttnn
522 1595 709 1698 scripserit.
758 1613 812 1677 sed
845 1635 917 1678 cum
950 1611 989 1676 de
1021 1619 1127 1679 aetate
1156 1614 1280 1680 telluris
1309 1613 1394 1678 anti·

219 1731 374 1815 quissima
395 1731 557 1814 loquatur,
580 1731 771 1796 nominatim
793 1729 906 1795 afferro
928 1753 993 1796 non
1016 1739 1123 1815 potest
1137 1753 1176 1798 ea
1191 1733 1393 1798 animantum

220 1851 340 1926 saecla,
368 1850 407 1915 de
435 1852 551 1935 quibus
579 1850 751 1916 admodum
778 1871 895 1933 uagam
922 1857 1048 1916 tantum
1075 1851 1303 1935 cogitationem
1330 1848 1395 1915 sibi

220 1968 325 2034 finxit.
369 1970 444 2036 hinc
465 1971 588 2037 factum
608 1976 645 2034 ut
666 1969 723 2034 illa
744 1970 875 2034 notione
897 1975 1041 2035 uteretur
1062 1971 1161 2036 latius
1183 1971 1320 2055 patenti.
1377 2059 1380 2062 Ι

305 2089 344 2152 Ι1
373 2089 511 2155 secundo
532 2088 616 2154 libro
639 2088 804 2153 Lucretius
826 2095 1001 2172 postquam
1022 2111 1136 2156 cauere
1156 2111 1216 2154 nos
1237 2065 1332 2154 iussit
1352 2110 1395 2152 nc

220 2209 350 2274 sensilia
370 2208 537 2274 credamus
558 2208 736 2293 primordia
757 2215 790 2273 ct
812 2209 853 2275 ob
876 2229 946 2274 eam
967 2229 1035 2274 rem
1057 2209 1166 2274 mollia
1184 2216 1216 2274 et
1231 2208 1393 2291 mortalia,

220 2329 265 2392 sic
286 2328 406 2412 porgit:

398 2468 450 2526 sed
471 2472 569 2526 tomen
591 2471 653 2525 esto
675 2467 733 2526 iem
754 2482 838 2540 posse
860 2467 933 2527 haec
953 2474 1073 2528 aeterna
1093 2485 1223 2528 manere:

397 2585 500 2642 nempe
521 2574 617 2627 tamen
640 2567 748 2628 debent
769 2575 820 2628 ant
841 2586 955 2628 sensum
976 2571 1068 2644 partis
1088 2571 1196 2631 habere

241 2672 269 2729 11
292 2674 354 2732 909
399 2676 450 2730 aut
471 2671 558 2729 simili
580 2671 648 2729 totis
669 2671 841 2731 animalibus
863 2688 925 2747 esse
946 2673 1053 2746 putari.

398 2778 429 2832 at
451 2777 596 2846 nequeant
617 2789 670 2846 per
692 2790 722 2832 so
744 2779 843 2848 portes
866 2776 973 2834 sentire
995 2781 1155 2847 necessest3

397 2893 499 2936 sensus
521 2877 598 2935 enim
620 2891 720 2934 sensns
742 2877 936 2936 membrorum
957 2877 1069 2950 respuit
1090 2877 1244 2955 omnen),

310 3097 350 3170 ²³)
372 3097 407 3154 In
439 3095 586 3155 codicibus
614 3095 691 3167 qnod
719 3096 857 3169 scriptum
886 3097 1006 3168 legitur:
1044 3116 1166 3174 nanque
1193 3099 1265 3156 elios
1292 3117 1392 3157 cernas

219 3180 408 3239 neutrorum
430 3180 650 3255 menedemos,
674 3196 775 3238 uerum
790 3197 852 3240 esse
867 3198 903 3240 en
917 3183 1126 3242 recentioribus
1141 3182 1293 3256 philologis
1307 3200 1392 3259 unus,

219 3265 296 3339 qnod
319 3265 416 3335 sciam,
439 3265 587 3323 contendit
608 3265 875 3330 Winckelmannns
887 3265 991 3344 (Beier.
1006 3288 1031 3325 z.
1046 3267 1111 3326 init.
1127 3269 1155 3324 d.
1170 3269 1259 3326 anr.
1283 3286 1312 3340 p.
1330 3270 1392 3345 13),

219 3352 261 3408 sio
287 3351 496 3423 interpretans:
525 3351 600 3406 111111
630 3349 674 3406 die
699 3352 1018 3428 pescmntennrfindnnp
1045 3355 1116 3410 Inest
1139 3353 1216 3410 niele
1241 3372 1294 3426 en,
1323 3354 1392 3414 dass
1501 3411 1502 3438 ἢ

219 3435 264 3493 die
286 3434 429 3493 einzelnen
450 3434 530 3492 tleite
552 3433 601 3492 des
622 3434 705 3492 teibes
720 3455 776 3493 eon
790 3436 836 3493 nr
849 3436 1044 3494 verschiedne
1059 3438 1275 3514 empfindunpen
1290 3438 1389 3500 tahon.

219 3527 249 3579 at
275 3525 354 3578 recte
381 3519 677 3578 cunemannus
704 3519 860 3595 (Philolcgi
882 3521 924 3578 111
944 3537 974 3592 p.
1000 3522 1073 3595 511)
1101 3522 1191 3580 annis
1218 3522 1391 3585 uocabulum

218 3622 300 3663 sunm
315 3606 465 3676 requirere
480 3603 691 3662 substantiunm
706 3604 813 3663 docuit.
843 3605 1045 3665 Lachmannus
1060 3605 1101 3664 sic
1116 3607 1258 3678 disputat:
1282 3607 1393 3684 ‘Negat

218 3695 305 3762 poen
332 3689 461 3746 membra
483 3689 594 3762 singula
616 3704 745 3748 seorsum
767 3689 874 3748 sentire
895 3705 994 3762 posse,
1025 3691 1131 3763 quippe
1154 3706 1228 3763 quae
1250 3691 1289 3749 nd
1311 3696 1392 3754 alind
1500 3703 1501 3720 ¹

218 3771 398 3845 referantur,
427 3773 482 3832 hoc
509 3778 553 3831 est
579 3773 617 3830 ad
638 3772 787 3832 animam’
832 3779 1009 3848 quapropter
1031 3776 1159 3848 scripsit:
1188 3795 1312 3853 nonque
1333 3781 1391 3840 alio

219 3877 318 3916 sensus
344 3847 532 3915 membrorum
559 3859 674 3934 respicit
701 3859 799 3916 omnis.
845 3859 929 3917 huius
955 3866 1051 3918 tomen
1081 3862 1241 3919 sententiae
1263 3867 1392 3934 31111111

219 3941 359 4002 abhorret
374 3959 392 4000 1
407 3942 528 4014 simplici
542 3944 672 4001 Lucretii
687 3944 827 4020 oratione,
849 3944 908 4015 qui,
931 3946 955 4001 si
971 3947 1028 4003 tole
1044 3944 1114 4016 quid
1129 3945 1225 4003 dicere
1240 3947 1390 4022 uoluisset,

219 4031 298 4086 certe
312 4027 438 4086 anensem
454 4027 626 4103 scripsisset,
639 4027 686 4086 hic
700 4036 796 4086 antem
808 4029 986 4086 Lachmanni
998 4046 1109 4104 uorsus,
1125 4031 1256 4101 quamuis
1266 4036 1390 4106 optimus

219 4114 266 4185 sit,
288 4113 425 4171 Lucretio
448 4112 513 4185 ipsi,
536 4114 585 4184 qni
607 4118 695 4184 poeta
716 4113 831 4184 quidem
854 4115 996 4186 egregius,
1018 4114 1069 4172 sod
1087 4113 1187 4172 infelix
1202 4115 1390 4191 philosophus

218 4195 288 4269 fuit,
321 4197 468 4256 Heraclito
496 4197 599 4270 dignus
627 4198 706 4257 nisus
734 4203 818 4256 esset.
864 4214 952 4270 quare
980 4215 1038 4256 non
1065 4203 1129 4258 erat
1157 4216 1208 4256 cur
1235 4199 1390 4263 Goebolius

220 4281 362 4358 (Quaestt.
385 4282 471 4343 Lucr.
494 4299 523 4357 p,
549 4282 601 4359 14)
624 4283 814 4343 assentiretur
834 4283 1034 4342 Lachmanno:
1058 4299 1231 4357 quamquam
1253 4302 1290 4347 11
1311 4290 1389 4350 illam
