3028 4830
759 389 910 482 A

292 593 335 650 111
358 592 396 650 52
441 597 472 650 et
491 592 591 664 nigras
612 597 740 650 mactant
758 593 891 668 pecudes.

250 761 270 804 a
291 739 367 804 feris
388 739 490 822 igitur
511 739 738 822 seiunguntur:

267 895 396 955 v'1057
442 913 506 954 eum
525 897 649 972 pecudea
671 902 776 972 mutae,
800 913 864 954 curn
888 896 1012 968 denique
1035 897 1128 956 saecla
1150 896 1277 956 ferarum

443 997 589 1054 dissimilis
612 998 723 1056 soleant
744 1015 830 1056 uoces
852 999 1005 1070 uariasque
1028 1000 1114 1058 ciere.
1306 1001 1310 1009 “

249 1147 347 1211 etiam
369 1145 494 1228 singula
512 1152 754 1222 mansuetorum
773 1146 960 1211 animalium
975 1167 1092 1230 genera
1106 1148 1166 1212 hoc
1182 1149 1308 1212 nomine
1323 1147 1409 1230 signi-

253 1265 399 1346 ficantur,
422 1271 459 1330 ut
480 1285 566 1347 oues,
589 1278 719 1349 caprasi

290 1422 316 1478 V
338 1423 398 1481 863
443 1421 647 1495 lanigeraeque
669 1421 754 1480 simul
771 1423 896 1498 pecudes
918 1429 948 1482 et
968 1424 1076 1482 buaera
1097 1425 1199 1486 saecla.

442 1526 540 1582 omnia
562 1530 629 1583 sunt
650 1525 799 1582 hominum
821 1525 929 1582 tutelae
950 1524 1067 1584 tradite.

597 1705 603 1718 .
621 1705 628 1718 .
646 1705 653 1719 .
668 1659 822 1717 tondentes
843 1659 951 1731 pabula
971 1659 1048 1719 laeta

289 1762 400 1821 11318
443 1761 589 1840 lanigerae
610 1767 728 1834 reptant
745 1763 877 1836 pecudes.

237 1911 411 1992 xluua'gerue
433 1911 571 1990 pecudes
597 1915 764 1992 praeterea
788 1903 922 1992 legimus
944 1910 976 1974 ΙΙ
999 1916 1076 1992 662,
1104 1871 1264 1995 linigerae
1291 1911 1410 1994 pecudes
1471 1949 1472 1964 l

253 2027 297 2092 VI
322 2033 418 2108 1234,
446 2027 606 2094 buluuluua
628 2031 765 2111 pecudes
787 2029 818 2092 Π
841 2032 917 2110 369,
941 2031 1124 2114 barbigeras
1143 2031 1279 2112 pecudes
1300 2029 1327 2094 V
1348 2033 1409 2095 892.
1471 2031 1472 2034 ’

253 2145 365 2210 deinde
389 2145 517 2210 omnino
541 2151 616 2210 sunt
638 2147 782 2230 pecudea,
805 2167 943 2230 quarum
964 2167 1060 2211 earne
1081 2148 1167 2240 uesci
1189 2148 1339 2212 solemus:
1471 2153 1472 2160 ’

444 2308 563 2361 uertunt
585 2321 614 2362 se
636 2303 718 2362 fluuii
741 2303 858 2362 frondes
881 2310 910 2362 et
931 2304 1038 2376 pabula
1059 2306 1136 2365 laeta

290 2405 317 2463 ll
340 2399 401 2465 876
445 2405 627 2480 lupeculus,
650 2411 768 2463 uertunt
784 2408 906 2480 pecudes
928 2407 958 2464 in
980 2421 1102 2480 corpora
1124 2414 1232 2466 nostra.

253 2552 327 2616 hine
349 2551 446 2616 etiam
468 2551 554 2634 apud
569 2551 746 2618 Varronem
769 2553 973 2640 (Seuugessa's
994 2555 1108 2640 fragm.
1123 2557 1199 2621 XXI
1214 2555 1315 2640 Riea)
1337 2573 1412 2626 auen,
1471 2561 1472 2564 ’

254 2670 341 2753 apud
356 2669 530 2752 Vergilium
552 2672 632 2756 (geo,
647 2671 691 2736 IV
707 2672 782 2755 327)
804 2692 890 2756 epse,
914 2674 1000 2759 apud
1022 2645 1202 2740 Lueretiurn
1222 2676 1325 2758 pisces
1339 2674 1412 2736 inter
1471 2647 1472 2656 ἵ

254 2789 390 2880 pecudes
411 2777 500 2855 sunt:

444 2935 596 3002 praeterea
617 2946 707 3004 genus
729 2931 887 2990 humanum
909 2938 1062 3006 mutaeque
1084 2939 1217 2992 natantes

290 3033 316 3090 11
341 3032 400 3090 343
445 3033 658 3104 squamigerum
675 3034 800 3106 pecudes
822 3038 853 3090 et
873 3033 951 3091 laeta
972 3040 1102 3092 armenta
1123 3033 1271 3108 feraeque,

446 3137 476 3189 et
497 3133 597 3190 uariae
618 3131 758 3192 uolucres.

203 3251 205 3256 ¹
270 3269 297 3326 ll
323 3269 403 3328 1083
446 3267 659 3341 squamigerum
676 3270 809 3344 pecudes.
861 3231 867 3242 ἱ
1239 3253 1243 3260 ’
1471 3237 1472 3328 1

255 3417 295 3482 ef.
323 3415 432 3482 Plauti
455 3415 573 3485 Pseud.
602 3420 678 3482 834:
711 3417 789 3482 haee
813 3395 859 3480 'ed
886 3415 1030 3500 Neptuni
1056 3417 1192 3502 pecudes
1221 3417 1413 3486 condimenta
1471 3503 1472 3506 Ἴ

256 3541 347 3604 sunt:
376 3533 540 3601 terrestris
566 3534 701 3617 pecudes
730 3534 924 3601 cieimandro
945 3536 1067 3602 edndio.
1091 3577 1131 3584 -
1153 3539 1289 3605 Videtur
1311 3539 1413 3603 Lucre·

256 3653 321 3718 tius
348 3653 393 3717 eis
415 3652 574 3734 uersibus,
603 3652 673 3734 ubi,
695 3659 733 3718 ut
760 3653 891 3736 11343,
919 3654 958 3718 de
979 3656 1152 3738 pecudibus
1175 3658 1328 3722 armentis
1347 3651 1412 3718 feris
1471 3671 1472 3676 ¹

257 3771 372 3854 agitur,
394 3773 545 3854 pecudum
566 3771 692 3836 nomine
712 3772 819 3836 omnia
833 3779 939 3837 uetera
954 3773 1106 3839 animalia
1120 3776 1260 3860 intellegi
1276 3774 1412 3846 uoluisse,
1471 3859 1472 3864 ἵ

257 3911 340 3974 quae
360 3889 481 3956 homini
502 3889 596 3956 utilia
616 3910 673 3955 nee
693 3889 812 3955 infesta
834 3899 924 3956 sunt:

449 4046 502 4088 nee
522 4029 634 4088 ratione
656 4012 713 4087 alia
734 4030 866 4089 uolucres
888 4038 1020 4091 armenta
1041 4031 1177 4108 feraeque

258 4134 299 4193 IV
325 4135 405 4192 1190
449 4137 479 4190 et
495 4134 618 4208 pecudes
640 4137 670 4189 et
691 4149 782 4204 equae
804 4133 932 4192 maribus
953 4135 1102 4194 subsidere
1123 4142 1252 4210 possunt.
1471 4089 1472 4148 y

296 4271 321 4330 V
343 4272 405 4329 228
447 4271 479 4328 at
500 4266 598 4327 uariae
620 4273 753 4328 creseunt
769 4271 895 4344 pecudes
915 4275 1048 4330 armenta
1068 4269 1213 4345 feraeque.
