3028 4830
310 593 459 666 multaque
479 597 541 651 tnm
561 591 707 651 interiisse
727 593 905 652 minantum
925 597 1026 654 mle
1045 601 1192 664 neoessest

310 710 364 753 nee
383 693 513 768 petuisse
533 692 720 767 propagando
743 693 903 768 procudere
924 695 1044 768 prolem.

124 862 189 927 quo
212 841 283 909 loco
303 841 327 904 ii
348 863 472 924 uersus,
492 843 550 925 qui
572 842 684 908 statim
702 849 855 909 secuntur
868 829 1026 926 usquead
1041 849 1113 926 874,
1129 846 1297 929 perspicue

123 961 240 1027 docent
261 982 326 1026 non
347 961 387 1026 de
407 962 572 1026 uariarum
594 967 739 1026 aetatum
754 960 973 1028 animantibus
987 962 1050 1044 agi,
1074 963 1129 1028 sed
1143 963 1183 1030 de
1197 963 1295 1028 uariis

123 1079 325 1145 animantum
347 1080 526 1162 generibus.
564 1079 643 1146 dicit
665 1079 749 1145 enim
768 1082 868 1162 po'e'ta
886 1080 951 1146 alia
970 1102 1090 1164 genera
1109 1079 1299 1168 fortitudine

124 1220 185 1262 sua
212 1204 342 1264 seruata
362 1218 452 1280 esse,
485 1203 522 1264 ut
549 1196 656 1263 leones
682 1179 737 1282 (et
756 1198 789 1262 in
817 1197 868 1263 his
898 1216 1024 1282 quoque
1051 1198 1149 1264 saecli
1171 1198 1297 1264 nomine

122 1305 228 1382 utitur
250 1321 326 1383 859:
352 1318 512 1402 priaapio
537 1339 638 1404 peaes
666 1338 737 1384 aare
765 1318 887 1384 ieonum
913 1338 1070 1402 saeuaque
1091 1317 1226 1384 saorla
1246 1321 1295 1381 ta-

122 1441 223 1501 tatast
244 1437 374 1519 uirtus),
395 1435 460 1500 alia
481 1437 612 1518 astutia,
635 1443 673 1501 ut
694 1436 816 1520 uulpes,
839 1437 904 1501 alia
920 1436 1093 1515 celeritate,
1116 1443 1154 1500 ut
1172 1454 1293 1515 cemos,

122 1553 189 1619 alia
209 1553 372 1620 hominum
395 1575 482 1631 eura,
505 1560 542 1620 ut
564 1555 715 1639 pecudes:
739 1555 823 1621 redit
845 1556 945 1642 igitur
960 1555 1064 1621 omnis
1081 1576 1133 1619 res
1148 1553 1189 1618 ad
1203 1550 1294 1635 illud,
1389 1561 1391 1566 ’

122 1671 210 1758 quod
230 1671 399 1738 Darwinus
421 1655 603 1758 nuperrime
624 1676 682 1741 den
705 1675 820 1758 kemps
834 1698 907 1743 mne
927 1675 1039 1742 daseia
1061 1673 1206 1754 uocauit,
1230 1692 1296 1754 qua

121 1813 162 1857 ex
196 1812 305 1876 pugne
330 1792 423 1858 uaria
452 1793 640 1859 animalium
667 1813 785 1878 genera
812 1793 970 1879 prodiisse
996 1792 1114 1859 docuit.
1157 1789 1294 1856 amnino

121 1917 231 1975 autem
253 1931 377 1976 summa
397 1911 565 1980 doetrinae
586 1913 672 1979 illius
693 1913 843 1978 Britanni
863 1935 885 1979 a
898 1912 1048 1979 Lucretio
1068 1911 1132 1978 illis
1147 1909 1294 1978 uersibus

121 2037 282 2114 occupata
301 2037 360 2096 est.
382 2067 424 2078 -
446 2030 519 2098 Huc
540 2031 643 2098 refero
664 2039 848 2116 praeterea:

306 2155 337 2230 et
357 2173 462 2245 partim
484 2177 597 2233 mutant
617 2191 682 2233 cum
704 2173 925 2246 tempestatibus
946 2189 1004 2231 una
1032 2161 1035 2168 '

122 2274 150 2332 V
180 2275 260 2332 1082
303 2273 470 2334 raucisonos
493 2280 606 2356 cantus,
626 2276 773 2336 cornicum
794 2280 827 2334 ut
847 2277 1082 2334 eaeela‘uetnsta
1106 2317 1163 2335 ...

148 2426 179 2486 11
201 2429 262 2488 995
305 2425 400 2507 (terra
421 2437 512 2488 meter
523 2424 619 2509 parit)
640 2447 731 2504 genus
753 2429 918 2503 humanum,
940 2429 1018 2503 parit
1038 2428 1135 2486 omnia
1155 2429 1254 2488 saecla

935 2530 1072 2591 ferarum.

120 2683 187 2746 quo
212 2662 283 2728 loco
312 2684 410 2746 supra
431 2645 591 2746 (adnotat.
609 2640 671 2748 ι32)
697 2673 755 2731 aut
783 2663 1031 2748 Empedocleum
1058 2658 1160 2727 ἔθνεα
1182 2663 1294 2748 θηρῶν

120 2789 194 2863 aut,
223 2781 310 2865 quod
330 2783 449 2849 rectius
471 2805 542 2849 esse
562 2782 705 2868 uidetur,
727 2781 936 2867 Euripideum
958 2781 1046 2870 φῦλα
1066 2785 1177 2869 θηρῶν
1195 2781 1293 2848 inter·
1379 2813 1381 2820 ι

120 2907 286 2985 pietatum
306 2921 376 2968 esse
397 2903 582 2974 Lucretium
604 2904 681 2970 dixi.

459 3091 466 3106 .
484 3093 491 3105 .
508 3093 515 3106 .
532 3062 649 3106 neeesse
670 3053 716 3106 est
737 3046 894 3107 confiteare

306 3163 370 3206 esse
391 3149 464 3210 alios
485 3149 551 3208 aliis
573 3155 717 3210 terrarum
738 3151 770 3209 in
792 3150 925 3234 partibus
946 3147 1027 3208 orbis

120 3247 154 3308 11
183 3250 261 3310 1076
304 3255 336 3310 et
356 3250 453 3311 uarias
475 3251 621 3312 hominum
642 3252 737 3326 gentis
758 3256 788 3311 et
807 3255 907 3311 euecta
927 3251 1063 3310 ferarum.
1096 3247 1105 3262 ⁸
1229 3241 1235 3252 '

461 3449 468 3464 .
486 3450 493 3463 .
511 3449 518 3464 .
534 3400 642 3483 (terra)
664 3380 738 3479 quae
759 3410 863 3466 cuncta
882 3404 995 3462 ereauit
1080 3478 1083 3486 Ι

121 3503 155 3565 11
183 3507 263 3566 1152
305 3511 405 3567 saecla
425 3507 563 3580 deditque
585 3504 711 3566 ferarum
731 3506 862 3600 ingentia
882 3520 1006 3578 eorpora
1026 3509 1122 3578 partu.
1219 3508 1222 3514 '

131 3657 180 3720 111
202 3659 261 3722 ⁷51
307 3660 475 3736 desiperent
496 3660 635 3734 homines,
658 3667 793 3736 saperent
815 3658 877 3720 iera
897 3661 994 3720 saecla
1015 3655 1150 3717 ferarum.

461 3821 678 3884 ...terrarum
700 3814 779 3873 milia
800 3813 901 3886 multa,

139 3915 181 3976 IV
202 3919 263 3980 411
309 3936 383 3994 quae
404 3918 504 3978 neriae
525 3915 653 3978 retinent
673 3922 828 3996 genteset
848 3919 946 3976 saecla
967 3913 1102 3976 feramm.

307 4073 349 4132 sie
369 4071 434 4132 eliis
455 4071 529 4131 alius
549 4068 635 4129 nidor
656 4067 740 4129 datus
761 4069 799 4129 ad
821 4063 873 4131 sus'
894 4085 1037 4144 quemque

307 4174 414 4250 pabule
434 4174 515 4236 ducit
535 4179 565 4236 et
585 4191 604 4234 a
624 4177 701 4234 tetro
722 4173 836 4234 resilire
857 4187 970 4233 ueneno
1038 4253 1041 4258 ,

139 4277 181 4340 Π
205 4280 267 4342 684
310 4275 512 4354 cogitesque
532 4276 618 4340 modo
640 4279 792 4340 sementim
812 4278 910 4338 saecla
930 4274 1067 4340 ferarum.
