3028 4830
794 385 813 446 5

728 466 879 475 ——..—-

217 577 384 666 cogitauit,
414 582 531 664 multa,
560 603 642 665 quae
672 587 783 665 antea,
812 583 894 648 sicut
922 582 1057 648 umbrae
1078 586 1293 664 mortuorum,
1322 580 1390 647 sine

217 702 321 766 forma
348 705 380 766 et
409 701 514 766 colore
541 724 600 784 per
628 702 752 768 animos
779 703 943 769 hominum
970 701 1115 786 po’e'ticos
1142 703 1264 784 uagata
1285 704 1388 780 erant,

218 821 335 901 tenuit,
359 820 612 903 comprehendit,
637 821 812 903 constituit,
836 842 853 885 e
875 820 1005 904 pallidis
1027 819 1221 904 imaginibus
1244 822 1276 882 et
1298 817 1391 900 quasi
1467 877 1469 882 .

220 937 354 1020 spectris
385 939 489 1003 claras
512 961 550 1003 ac
572 939 742 1005 distinctas
764 933 910 1005 notiones
933 937 1049 1020 effecit,
1079 938 1141 1003 hoc
1161 937 1287 1003 ratione
1307 935 1389 1002 miro

218 1056 312 1120 niodo
340 1052 534 1139 impugnans
563 1071 653 1123 suam
675 1059 777 1142 ipsius
800 1059 839 1123 de
859 1063 1015 1142 perpetuo
1037 1076 1143 1122 rerum
1165 1055 1295 1122 flumine
1317 1055 1389 1120 doc·

218 1176 348 1241 trinam.
399 1175 454 1241 sed
486 1176 577 1264 nulla
611 1178 699 1242 notio
734 1176 960 1260 comprehendi
990 1182 1022 1241 et
1054 1174 1157 1240 teneri
1187 1179 1296 1259 potest
1329 1172 1391 1238 nisi

218 1295 348 1360 nomine
369 1294 530 1377 imposito.
564 1296 652 1378 quod
673 1297 839 1360 nominare
854 1300 886 1360 et
900 1296 1007 1378 eloqui
1022 1316 1201 1378 possumus,
1223 1293 1257 1358 id
1274 1292 1390 1360 scimus
1424 1321 1427 1324 ·

218 1419 435 1498 mentiturque
465 1415 655 1499 quicumque
684 1437 717 1480 se
746 1417 826 1480 scire
853 1414 932 1497 quid
959 1414 1134 1498 gloriatur,
1168 1412 1255 1497 quod
1281 1410 1390 1495 appel·

169 1521 172 1528 ⁴
219 1533 287 1598 lare
315 1539 372 1598 aut
400 1534 501 1599 uerbo
530 1535 634 1600 dicere
660 1556 725 1598 non
753 1534 901 1617 posoitss).
953 1532 1137 1597 nominibus
1163 1532 1263 1615 igitur
1289 1529 1391 1613 impo-

220 1653 332 1717 nendis
359 1675 412 1718 res
438 1654 492 1718 uel
518 1656 626 1739 potius
654 1655 799 1719 notiones
822 1630 1119 1736 comprehendimus
1141 1671 1180 1715 ae
1200 1649 1391 1732 tenemue4).

308 1915 332 1986 ³)
354 1913 451 1986 Atque
480 1914 557 1986 quod
579 1933 598 1972 a
619 1914 698 1972 nullo
720 1914 908 1989 dictumest,
940 1912 971 1972 id
992 1929 1051 1972 non
1073 1917 1127 1972 est.
1174 1908 1252 1982 qnod
1273 1907 1392 1981 egregie

159 1996 167 2002 ’
220 1997 326 2070 probat
352 1997 451 2057 fabula
473 1998 732 2056 Scandinavorum:
762 1999 852 2071 ‘Regi
880 1997 956 2055 filius
977 2003 1048 2056 erat
1063 2013 1182 2068 magnus
1205 2000 1234 2052 et
1254 1991 1389 2065 pulcher3
1431 2023 1434 2030 ι

223 2088 287 2139 erat
308 2085 403 2140 autem
425 2086 521 2139 mutus
542 2100 631 2157 neque
653 2083 679 2138 ei
700 2083 857 2157 impositam
879 2091 918 2139 est
940 2078 1060 2140 nomen!
1102 2081 1174 2139 haec
1195 2078 1286 2136 uerba
1301 2077 1392 2136 inter·

223 2171 355 2238 pretetus
377 2183 439 2224 sum
461 2183 477 2224 e
499 2167 625 2224 carmine
647 2165 683 2224 de
701 2167 804 2239 Helgio
820 2167 979 2238 Hjoruardi
1000 2165 1070 2242 filio,
1092 2164 1170 2236 quod
1191 2169 1236 2222 est
1256 2162 1287 2218 in
1308 2159 1394 2218 Edda

222 2250 385 2309 Saemundi.
429 2256 507 2309 muto
529 2251 618 2323 igitur
640 2266 745 2308 nomen
766 2267 825 2309 non
845 2251 1017 2322 imponitur3
1040 2265 1164 2321 namque
1186 2247 1263 2319 quod
1277 2245 1393 2304 nomine

221 2335 345 2393 hominis
368 2335 588 2409 distinguimur,
618 2351 729 2393 summe
751 2351 850 2394 eorum
872 2340 929 2407 est,
961 2351 1034 2407 quae
1057 2333 1179 2406 quisque
1201 2348 1253 2390 sue
1274 2336 1304 2391 et
1324 2345 1392 2403 pro-

220 2421 285 2494 pria
316 2420 405 2480 habet
433 2421 494 2479 siue
524 2453 564 2462 —
593 2418 644 2479 fiat
672 2421 760 2478 uenia
786 2420 927 2478 uocabulo
954 2453 994 2462 -
1021 2416 1249 2478 indiuidualitas.
1297 2419 1393 2474 mutue

221 2511 317 2563 autem
340 2505 424 2564 homo
447 2503 711 2563 iudiuiduaiitatem
733 2505 904 2577 nonhabet,
927 2505 1000 2563 nihil
1015 2503 1068 2576 est
1090 2503 1147 2561 nisi
1161 2518 1235 2560 unus
1250 2517 1286 2559 ex
1300 2499 1392 2559 homi·

146 2581 149 2586 ’
220 2607 288 2648 num
310 2607 424 2662 genere.
470 2588 505 2649 of.
526 2590 656 2648 Lazarus
678 2594 708 2649 et
726 2589 913 2648 Steinthalins
934 2590 965 2647 in
987 2589 1059 2648 actis
1081 2587 1207 2646 diurnis:
1230 2583 1394 2656 Zeitecirist

213 2677 275 2746 fiir
295 2675 576 2752 aiilkerpegeholoqie
602 2677 664 2733 and
688 2675 868 2750 apraedmioe.
896 2675 911 2731 Ι
932 2692 960 2747 p.
985 2677 1040 2734 36:
1076 2673 1141 2730 Der
1163 2669 1311 2747 volkeqeiet

223 2761 272 2816 dat
298 2760 357 2816 sein
384 2759 661 2831 seleseiewassnein,
693 2760 722 2818 in
745 2762 808 2818 dem
827 2761 920 2837 ¹arada
941 2769 1013 2817 awa
1034 2757 1086 2816 wie
1108 2759 1160 2815 der
1181 2755 1309 2826 mech,
1340 2755 1394 2811 der

223 2843 282 2900 sicli
303 2846 348 2901 als
369 2843 541 2902 deconderen
563 2847 710 2903 mammen
732 2846 826 2917 weiss,
856 2848 917 2902 also
940 2844 991 2902 wie
1013 2845 1066 2901 dae
1087 2841 1172 2912 eina,
1195 2840 1313 2898 weladeo
1334 2837 1393 2897 sich

224 2928 273 2986 mit
299 2929 405 2986 crinem
425 2948 529 2987 nomen
552 2929 719 3002 bezeichnet,
749 2932 819 2988 oder
840 2931 913 2988 auch
935 2929 1021 2987 echon
1043 2927 1094 2985 wie
1117 2926 1161 2983 die
1180 2943 1279 3003 grosse
1300 2941 1393 2982 maere

222 3015 275 3072 der
301 3015 449 3072 menaeden
477 3015 522 3072 ein
551 3015 732 3090 emptrncies
758 3015 803 3074 aa
824 3015 881 3073 aar.
926 3033 955 3072 eo
975 3013 1011 3071 iot
1027 3011 1296 3082 'demerkemwertm
1325 3011 1394 3068 daea

222 3099 268 3157 ein
293 3099 428 3176 aewiseer
455 3100 658 3175 monqoliecirer
685 3110 786 3158 stamen
812 3101 913 3160 keinen
939 3101 1111 3158 desenderen
1137 3114 1242 3155 namen
1263 3097 1313 3154 hat
1332 3095 1394 3154 and

221 3185 280 3242 eiad
309 3203 366 3242 nur
389 3180 480 3242 ‘Wir'
502 3194 603 3258 menni,
632 3186 702 3244 aber
729 3187 801 3244 auch
828 3206 884 3244 von
912 3188 966 3244 den
988 3186 1101 3264 andern
1122 3188 1260 3240 etdmmen
1282 3201 1339 3240 nur
1360 3199 1392 3237 eo

220 3279 347 3346 genennt
372 3269 454 3328 wind.
498 3270 550 3327 wie
569 3272 653 3344 jedes
681 3271 869 3341 individuam,
901 3274 961 3328 also
983 3270 1033 3326 dat
1053 3270 1126 3327 auch
1139 3269 1223 3342 jeder
1245 3266 1311 3324 oolla
1331 3265 1393 3324 cem

223 3354 463 3431 eiqentln'e'mliehes
484 3354 753 3427 selenomantiae,
777 3357 912 3414 wodareli
933 3374 962 3414 er
983 3363 1040 3412 eret
1061 3375 1096 3413 aa
1114 3355 1203 3412 einem
1218 3352 1392 3410 beronderen

222 3440 302 3498 eolice
323 3441 405 3511 wird,
430 3441 480 3498 wie
493 3443 577 3514 jener
598 3461 633 3498 za
655 3441 733 3499 einer
754 3441 927 3500 heoonderen
946 3459 1053 3517 person
1069 3481 1076 3496 .

310 3541 335 3618 4)
357 3542 415 3600 Vix
442 3547 486 3600 est
514 3542 591 3614 quod
619 3559 750 3602 moneam
777 3542 832 3601 hoc
853 3560 910 3602 non
932 3541 1054 3601 refutari
1076 3539 1182 3598 talibus
1204 3537 1274 3597 locis
1297 3537 1390 3610 qualis

221 3622 270 3686 hio
291 3632 336 3686 est
357 3627 501 3686 Lucretii:

265 3729 279 3786 1
301 3731 363 3789 830
406 3749 483 3787 nanc
505 3738 531 3786 et
551 3730 749 3807 Anaxagorae
770 3738 928 3788 cernamur
950 3726 1175 3788 homoeomerian

402 3833 489 3890 qaam
515 3812 592 3874 Grai
612 3825 769 3874 memorant
781 3831 841 3872 *nec
863 3823 962 3872 nostra
983 3813 1076 3871 dicere
1097 3811 1197 3890 lingua

403 3899 529 3958 concedit
548 3899 628 3957 noea
644 3899 738 3980 palmi
756 3900 894 3958 emmonis
915 3907 1031 3976 egerere,

402 3985 455 4042 ced
473 3993 566 4043 tamen
588 3984 680 4059 dream
702 4005 763 4043 rem
777 3984 872 4056 facile
894 3991 935 4042 eet
954 4001 1098 4060 reponere
1119 3981 1222 4040 uerbis.

221 4102 255 4144 ao
276 4103 314 4144 ne
336 4086 390 4145 hoo
411 4088 528 4159 quidem
548 4087 612 4146 loeo
633 4084 790 4174 refutatur:

234 4187 278 4244 ΙΙΙ
299 4192 360 4247 241
405 4198 510 4264 quarta
531 4207 640 4266 qaoque
662 4187 705 4246 hro
726 4188 811 4265 igitur
832 4188 972 4264 quaedam
994 4196 1100 4246 natura
1121 4191 1258 4243 necessest

404 4274 588 4357 nitriqaatur:
610 4283 670 4333 eant
691 4273 804 4332 omnino
826 4272 946 4332 neminie
967 4292 1088 4350 capam
