3028 4830
272 1689 368 1844 Qno
390 1779 514 1844 dicendi
537 1792 650 1865 genere
672 1779 749 1844 us‘us
772 1779 815 1844 sit
829 1779 997 1863 Epicurus
1020 1778 1071 1842 his
1093 1777 1200 1842 uerbis
1217 1777 1356 1861 explicat

185 1899 342 1982 Diogenes
371 1900 520 1996 Laiirtius
548 1901 578 1964 X
610 1907 662 1967 13:
697 1897 847 1986 κέχρηται
879 1895 916 1962 δὲ
949 1895 1034 1976 λέξει
1058 1893 1153 1984 κυρίᾳ
1182 1895 1266 1962 κατὰ
1293 1900 1358 1962 τῶν

186 2010 396 2103 πραγμάτων,
415 2012 462 2102 ἣν,
485 2012 536 2081 ὅτι
553 2012 787 2102 ίόιωτικιυτοίτη
803 2013 901 2098 ἐστίν,
919 2009 1160 2102 Ἀριστοφάνης
1175 2011 1193 2080 ὁ
1207 2039 1357 2101 γραμμα-

187 2132 279 2210 τικὸς
317 2128 471 2216 αἰτιᾶται.
506 2133 633 2221 ,σαφὴς
669 2129 697 2198 d'
732 2125 771 2220 ἦν
803 2129 919 2214 οὕτως,
959 2129 1002 2208 ὡς
1038 2131 1093 2196 καὶ
1130 2132 1165 2197 ἐκ
1200 2136 1247 2218 τῷ
1281 2131 1359 2220 περὶ

187 2255 357 2339 ῥητορικῆς
375 2246 468 2344 ,ἀξιοῖ
493 2249 594 2338 μηδὲν
623 2245 701 2316 ίίλλο
728 2245 749 2337 ἢ
770 2245 948 2338 σαφήνειαν
970 2247 1089 2316 ἀσκεῖν.
1136 2252 1225 2316 cuius
1252 2241 1359 2316 iudicii

186 2371 313 2435 initium
341 2391 404 2453 quo
432 2371 526 2436 modo
556 2339 597 2436 sit
625 2370 886 2453 intellegendum,
915 2370 1007 2435 docet
1035 2369 1138 2436 altera
1165 2391 1257 2454 pars:
1287 2392 1358 2454 per-

188 2489 391 2572 spicuitatem
420 2490 505 2553 tanti
532 2489 643 2554 fecisse
664 2489 854 2572 Epicurum,
885 2494 922 2553 ut
951 2490 1058 2554 omnia
1085 2489 1241 2554 orationis
1263 2510 1357 2554 orna-

187 2610 296 2670 menta
332 2613 497 2690 sperneret
530 2608 759 2691 uulgaremque
794 2607 845 2670 uel
872 2608 969 2671 etiam
995 2595 1153 2691 plebeiam
1182 2609 1359 2673 orationem

188 2724 382 2806 eandemque
425 2725 599 2807 simplicem
642 2733 674 2791 et
715 2724 882 2808 propriam
919 2730 1129 2808 anteponeret
1165 2725 1273 2791 uerbis
1308 2724 1360 2789 uel

190 2840 445 2923 splendidissime
467 2843 600 2926 ornatiS,
623 2866 695 2909 cum
717 2845 845 2908 timeret
866 2864 906 2907 ne
928 2843 985 2908 illa
999 2843 1155 2908 orationis
1172 2847 1361 2909 ornamenta

187 2959 412 3042 perspicuitati
446 2968 605 3028 nocerent.
660 2963 716 3026 illa
749 2967 858 3026 autem
890 2961 990 3026 uerba
1026 2959 1177 3047 κέχρηται
1211 2958 1248 3025 δὲ
1275 2957 1360 3040 λέξει

187 3073 281 3164 κυρίᾳ
307 3076 390 3142 κατὰ
416 3083 481 3143 τῶν
510 3075 710 3166 πραγμάτων
736 3101 802 3144 non
824 3079 919 3164 longe
940 3101 961 3144 a
983 3100 1060 3144 uero
1082 3080 1304 3146 aberrabimus
1333 3082 1360 3145 si

189 3217 254 3260 non
275 3201 343 3261 tam
357 3197 507 3294 Diogenis
530 3198 681 3263 iudicium
703 3200 865 3264 continere
884 3219 981 3282 quam
1002 3198 1043 3284 ad
1063 3198 1170 3281 ipsum
1184 3200 1359 3283 Epicurum

189 3313 354 3378 referenda
377 3336 444 3380 csse
467 3317 686 3398 statuerimus,
710 3337 804 3398 quem
826 3317 894 3381 ueri
914 3315 1109 3380 simillimum
1124 3322 1173 3382 est
1187 3319 1360 3402 gloriatum

190 3451 259 3495 esse
281 3407 314 3496 ie
335 3430 419 3511 λέξει
441 3430 534 3521 κυρίᾳ
556 3435 604 3500 uti
627 3434 737 3499 solere.
782 3434 868 3516 quod
890 3434 1045 3516 siquidem
1066 3435 1157 3516 dixit,
1181 3435 1248 3498 sine
1263 3434 1360 3499 dubio

189 3541 388 3616 Heraclitum
421 3552 472 3615 uel
507 3557 589 3618 tecte
617 3553 724 3636 tetigit
751 3553 803 3617 uel
830 3557 941 3636 aperte
967 3553 1002 3616 in
1029 3574 1101 3629 eum
1127 3553 1273 3618 inuectus
1301 3557 1359 3636 est,

190 3691 283 3752 quem
298 3662 443 3756 κυκητήν,
466 3671 733 3753 perturbatorem,
750 3691 882 3744 uocasse
897 3670 1013 3735 dicitur
1029 3676 1110 3736 teste
1125 3671 1216 3755 Diog.
1233 3671 1268 3736 L.
1284 3671 1314 3735 X
1330 3677 1358 3754 8,

190 3810 253 3871 quo
275 3791 403 3854 nomine
418 3788 646 3854 obscuritatem
660 3790 745 3854 illius
760 3789 964 3872 potissimum
977 3789 1206 3873 perstrinxisse
1221 3790 1358 3855 uidetur.

189 3906 263 3971 hino
294 3907 467 3991 discipulus
500 3909 567 3974 eius
596 3907 761 3994 Lucretius
796 3909 835 3974 de
862 3909 1025 3975 Heraclito
1058 3907 1141 3972 dixit
1170 3909 1198 3991 (Ι
1227 3914 1289 3974 639
1305 3929 1360 3954 ’-

189 4025 330 4091 numeris
352 4031 428 4092 utor
449 4026 700 4110 Bernaysianis):

338 4183 433 4242 clarus
455 4183 492 4242 ob
514 4185 666 4243 obscuram
687 4183 814 4256 linguam
836 4184 926 4256 magis
948 4184 1025 4244 inter
1045 4183 1139 4241 inanis

339 4283 462 4357 quamde
483 4286 583 4360 grauis
603 4285 680 4344 inter
701 4284 815 4357 Graios,
838 4285 887 4356 qui
908 4301 979 4344 uera
999 4284 1159 4356 requirunt.
1190 4349 1193 4362 Ι

1191 4399 1205 4450 1
