<?xml version="1.0" encoding="UTF-8"?>
<!DOCTYPE html PUBLIC "-//W3C//DTD XHTML 1.0 Transitional//EN"
    "http://www.w3.org/TR/xhtml1/DTD/xhtml1-transitional.dtd">
<html xmlns="http://www.w3.org/1999/xhtml" xml:lang="en" lang="en">
 <head>
  <title>
</title>
<meta http-equiv="Content-Type" content="text/html;charset=utf-8" />
  <meta name='ocr-system' content='tesseract 3.04.00' />
  <meta name='ocr-capabilities' content='ocr_page ocr_carea ocr_par ocr_line ocrx_word'/>
</head>
<body>
  <div class='ocr_page' id='page_1' title='image "./deartisuocabuli00pollgoog/deartisuocabuli00pollgoog_0069.png"; bbox 0 0 3034 4832; ppageno 0'>
   <div class='ocr_carea' id='block_1_1' title="bbox 790 329 833 390">
    <p class='ocr_par' dir='ltr' id='par_1_1' title="bbox 790 329 833 390">
     <span class='ocr_line' id='line_1_1' title="bbox 790 329 833 390; baseline 0 0"><span class='ocrx_word' id='word_1_1' title='bbox 790 329 833 390; x_wconf 80' lang='lat' dir='ltr'><strong>bl)</strong></span> 
     </span>
    </p>
   </div>
   <div class='ocr_carea' id='block_1_2' title="bbox 735 411 889 424">
    <p class='ocr_par' dir='ltr' id='par_1_2' title="bbox 735 411 889 424">
     <span class='ocr_line' id='line_1_2' title="bbox 735 411 889 424; baseline -0.013 0"><span class='ocrx_word' id='word_1_2' title='bbox 735 411 889 424; x_wconf 47' lang='grc' dir='ltr'><strong>*ιι-</strong></span> 
     </span>
    </p>
   </div>
   <div class='ocr_carea' id='block_1_3' title="bbox 256 528 1148 711">
    <p class='ocr_par' dir='ltr' id='par_1_3' title="bbox 256 528 1148 711">
     <span class='ocr_line' id='line_1_3' title="bbox 332 528 1147 606; baseline -0.011 -10"><span class='ocrx_word' id='word_1_3' title='bbox 332 557 336 564; x_wconf 87' lang='grc'>·</span> <span class='ocrx_word' id='word_1_4' title='bbox 391 541 446 595; x_wconf 89' lang='lat' dir='ltr'><strong>·nt</strong></span> <span class='ocrx_word' id='word_1_5' title='bbox 466 550 544 594; x_wconf 84' lang='lat' dir='ltr'><strong>nnnc</strong></span> <span class='ocrx_word' id='word_1_6' title='bbox 563 531 710 592; x_wconf 87' lang='lat' dir='ltr'><strong>montibus</strong></span> <span class='ocrx_word' id='word_1_7' title='bbox 730 547 747 592; x_wconf 83' lang='lat' dir='ltr'><strong>e</strong></span> <span class='ocrx_word' id='word_1_8' title='bbox 767 531 879 606; x_wconf 77' lang='lat' dir='ltr'><strong>magnis</strong></span> <span class='ocrx_word' id='word_1_9' title='bbox 900 528 1039 590; x_wconf 82' lang='lat' dir='ltr'><strong>decursus</strong></span> <span class='ocrx_word' id='word_1_10' title='bbox 1060 529 1147 603; x_wconf 77' lang='lat' dir='ltr'><strong>aquai</strong></span> 
     </span>
     <span class='ocr_line' id='line_1_4' title="bbox 256 629 1148 711; baseline -0.008 -15"><span class='ocrx_word' id='word_1_11' title='bbox 256 638 283 696; x_wconf 92' lang='lat' dir='ltr'>V</span> <span class='ocrx_word' id='word_1_12' title='bbox 306 640 369 697; x_wconf 82' lang='grc'><strong>944</strong></span> <span class='ocrx_word' id='word_1_13' title='bbox 411 633 501 711; x_wconf 77' lang='lat' dir='ltr'><strong>largn&#39;</strong></span> <span class='ocrx_word' id='word_1_14' title='bbox 524 635 594 694; x_wconf 86' lang='lat' dir='ltr'><strong>citat</strong></span> <span class='ocrx_word' id='word_1_15' title='bbox 613 634 672 694; x_wconf 74' lang='lat' dir='ltr'><strong>lata</strong></span> <span class='ocrx_word' id='word_1_16' title='bbox 693 634 829 697; x_wconf 27' lang='lat' dir='ltr'><strong>sitientia,</strong></span> <span class='ocrx_word' id='word_1_17' title='bbox 842 636 939 692; x_wconf 78' lang='lat' dir='ltr'><strong>saecla</strong></span> <span class='ocrx_word' id='word_1_18' title='bbox 959 629 1148 707; x_wconf 56' lang='lat' dir='ltr'><strong>teramum).</strong></span> 
     </span>
    </p>
   </div>
   <div class='ocr_carea' id='block_1_4' title="bbox 262 781 1268 870">
    <p class='ocr_par' dir='ltr' id='par_1_4' title="bbox 262 781 1268 870">
     <span class='ocr_line' id='line_1_5' title="bbox 262 781 1268 870; baseline -0.01 -19"><span class='ocrx_word' id='word_1_19' title='bbox 262 790 287 850; x_wconf 84' lang='lat' dir='ltr'>V</span> <span class='ocrx_word' id='word_1_20' title='bbox 310 792 372 851; x_wconf 86' lang='grc'><strong>964</strong></span> <span class='ocrx_word' id='word_1_21' title='bbox 414 783 567 870; x_wconf 59' lang='lat' dir='ltr'><strong>(luvam)</strong></span> <span class='ocrx_word' id='word_1_22' title='bbox 588 786 995 848; x_wconf 84' lang='lat' dir='ltr'><strong>consectabantursilnestria</strong></span> <span class='ocrx_word' id='word_1_23' title='bbox 1015 788 1112 844; x_wconf 76' lang='lat' dir='ltr'><strong>saecla</strong></span> <span class='ocrx_word' id='word_1_24' title='bbox 1133 781 1268 842; x_wconf 85' lang='lat' dir='ltr'><strong>ieramm.</strong></span> 
     </span>
    </p>
   </div>
   <div class='ocr_carea' id='block_1_5' title="bbox 264 931 1239 1116">
    <p class='ocr_par' dir='ltr' id='par_1_5' title="bbox 264 931 1239 1116">
     <span class='ocr_line' id='line_1_6' title="bbox 264 931 1239 1019; baseline -0.009 -16"><span class='ocrx_word' id='word_1_25' title='bbox 264 943 289 1003; x_wconf 86' lang='lat' dir='ltr'>V</span> <span class='ocrx_word' id='word_1_26' title='bbox 312 945 374 1004; x_wconf 83' lang='grc'><strong>980</strong></span> <span class='ocrx_word' id='word_1_27' title='bbox 417 942 467 1001; x_wconf 90' lang='lat' dir='ltr'><strong>sed</strong></span> <span class='ocrx_word' id='word_1_28' title='bbox 489 940 580 1014; x_wconf 83' lang='lat' dir='ltr'><strong>magis</strong></span> <span class='ocrx_word' id='word_1_29' title='bbox 599 939 672 998; x_wconf 91' lang='lat' dir='ltr'><strong>illud</strong></span> <span class='ocrx_word' id='word_1_30' title='bbox 694 947 757 1019; x_wconf 86' lang='lat' dir='ltr'><strong>erat</strong></span> <span class='ocrx_word' id='word_1_31' title='bbox 778 931 873 1012; x_wconf 80' lang='lat' dir='ltr'><strong>curae,</strong></span> <span class='ocrx_word' id='word_1_32' title='bbox 896 938 974 1012; x_wconf 88' lang='lat' dir='ltr'><strong>quod</strong></span> <span class='ocrx_word' id='word_1_33' title='bbox 995 940 1093 997; x_wconf 80' lang='lat' dir='ltr'><strong>saecla</strong></span> <span class='ocrx_word' id='word_1_34' title='bbox 1113 935 1239 994; x_wconf 87' lang='lat' dir='ltr'><strong>ferarum</strong></span> 
     </span>
     <span class='ocr_line' id='line_1_7' title="bbox 415 1040 1112 1116; baseline -0.003 -16"><span class='ocrx_word' id='word_1_35' title='bbox 415 1041 548 1103; x_wconf 84' lang='lat' dir='ltr'><strong>infestam</strong></span> <span class='ocrx_word' id='word_1_36' title='bbox 569 1042 682 1101; x_wconf 89' lang='lat' dir='ltr'><strong>miseris</strong></span> <span class='ocrx_word' id='word_1_37' title='bbox 702 1040 848 1101; x_wconf 78' lang='lat' dir='ltr'>faciebant</span> <span class='ocrx_word' id='word_1_38' title='bbox 869 1059 953 1116; x_wconf 87' lang='lat' dir='ltr'><strong>saepe</strong></span> <span class='ocrx_word' id='word_1_39' title='bbox 976 1042 1112 1115; x_wconf 89' lang='lat' dir='ltr'><strong>quietem.</strong></span> 
     </span>
    </p>
   </div>
   <div class='ocr_carea' id='block_1_6' title="bbox 242 1190 1254 1369">
    <p class='ocr_par' dir='ltr' id='par_1_6' title="bbox 242 1190 1254 1369">
     <span class='ocr_line' id='line_1_8' title="bbox 242 1190 1254 1272; baseline -0.011 -14"><span class='ocrx_word' id='word_1_40' title='bbox 242 1197 268 1258; x_wconf 83' lang='lat' dir='ltr'><strong>V</strong></span> <span class='ocrx_word' id='word_1_41' title='bbox 294 1199 374 1259; x_wconf 87' lang='lat'>1057</span> <span class='ocrx_word' id='word_1_42' title='bbox 418 1213 481 1256; x_wconf 88' lang='lat' dir='ltr'><strong>cum</strong></span> <span class='ocrx_word' id='word_1_43' title='bbox 504 1196 629 1271; x_wconf 89' lang='lat' dir='ltr'><strong>pecudes</strong></span> <span class='ocrx_word' id='word_1_44' title='bbox 650 1199 756 1272; x_wconf 86' lang='lat' dir='ltr'><strong>mutae,</strong></span> <span class='ocrx_word' id='word_1_45' title='bbox 778 1192 988 1268; x_wconf 81' lang='lat' dir='ltr'><strong>cum&#39;deniqne</strong></span> <span class='ocrx_word' id='word_1_46' title='bbox 1010 1195 1108 1252; x_wconf 79' lang='lat' dir='ltr'><strong>saecla</strong></span> <span class='ocrx_word' id='word_1_47' title='bbox 1128 1190 1254 1250; x_wconf 87' lang='lat' dir='ltr'><strong>ferarum</strong></span> 
     </span>
     <span class='ocr_line' id='line_1_9' title="bbox 418 1290 1092 1369; baseline -0.007 -11"><span class='ocrx_word' id='word_1_48' title='bbox 418 1295 571 1358; x_wconf 71' lang='lat' dir='ltr'><strong>dissimiles</strong></span> <span class='ocrx_word' id='word_1_49' title='bbox 593 1299 705 1357; x_wconf 85' lang='lat' dir='ltr'>soleant</span> <span class='ocrx_word' id='word_1_50' title='bbox 727 1313 812 1356; x_wconf 90' lang='lat' dir='ltr'><strong>uoces</strong></span> <span class='ocrx_word' id='word_1_51' title='bbox 833 1290 988 1369; x_wconf 80' lang='lat' dir='ltr'><strong>uariasque</strong></span> <span class='ocrx_word' id='word_1_52' title='bbox 1006 1297 1092 1354; x_wconf 86' lang='lat' dir='ltr'><strong>ciere.</strong></span> 
     </span>
    </p>
   </div>
   <div class='ocr_carea' id='block_1_7' title="bbox 252 1451 1197 1628">
    <p class='ocr_par' dir='ltr' id='par_1_7' title="bbox 252 1451 1197 1628">
     <span class='ocr_line' id='line_1_10' title="bbox 419 1451 1197 1526; baseline -0.005 -16"><span class='ocrx_word' id='word_1_53' title='bbox 419 1452 539 1512; x_wconf 90' lang='lat' dir='ltr'><strong>naribus</strong></span> <span class='ocrx_word' id='word_1_54' title='bbox 560 1452 689 1526; x_wconf 74' lang='lat' dir='ltr'><strong>alipedes</strong></span> <span class='ocrx_word' id='word_1_55' title='bbox 710 1456 744 1511; x_wconf 92' lang='lat' dir='ltr'><strong>nt</strong></span> <span class='ocrx_word' id='word_1_56' title='bbox 766 1453 845 1511; x_wconf 89' lang='lat' dir='ltr'><strong>cerui</strong></span> <span class='ocrx_word' id='word_1_57' title='bbox 867 1467 954 1525; x_wconf 82' lang='lat' dir='ltr'><strong>saepe</strong></span> <span class='ocrx_word' id='word_1_58' title='bbox 976 1453 1115 1525; x_wconf 85' lang='lat' dir='ltr'><strong>putantur</strong></span> <span class='ocrx_word' id='word_1_59' title='bbox 1195 1451 1197 1456; x_wconf 83' lang='grc'>’</span> 
     </span>
     <span class='ocr_line' id='line_1_11' title="bbox 252 1551 1168 1628; baseline -0.003 -16"><span class='ocrx_word' id='word_1_60' title='bbox 252 1553 293 1613; x_wconf 85' lang='lat' dir='ltr'><strong>VI</strong></span> <span class='ocrx_word' id='word_1_61' title='bbox 316 1557 377 1613; x_wconf 86' lang='grc'><strong>768</strong></span> <span class='ocrx_word' id='word_1_62' title='bbox 421 1553 527 1614; x_wconf 90' lang='lat' dir='ltr'><strong>ducere</strong></span> <span class='ocrx_word' id='word_1_63' title='bbox 549 1557 586 1615; x_wconf 91' lang='lat' dir='ltr'><strong>de</strong></span> <span class='ocrx_word' id='word_1_64' title='bbox 606 1555 726 1614; x_wconf 85' lang='lat' dir='ltr'><strong>latebris</strong></span> <span class='ocrx_word' id='word_1_65' title='bbox 748 1555 895 1628; x_wconf 90' lang='lat' dir='ltr'><strong>serpentia</strong></span> <span class='ocrx_word' id='word_1_66' title='bbox 915 1557 1012 1612; x_wconf 77' lang='lat' dir='ltr'><strong>saecla</strong></span> <span class='ocrx_word' id='word_1_67' title='bbox 1034 1551 1168 1610; x_wconf 81' lang='lat' dir='ltr'><strong>ferarum</strong></span> 
     </span>
    </p>
   </div>
   <div class='ocr_carea' id='block_1_8' title="bbox 230 1705 1084 1870">
    <p class='ocr_par' dir='ltr' id='par_1_8' title="bbox 230 1705 1084 1870">
     <span class='ocr_line' id='line_1_12' title="bbox 230 1705 1084 1800; baseline 0.001 -33"><span class='ocrx_word' id='word_1_68' title='bbox 230 1707 276 1782; x_wconf 49' lang='lat' dir='ltr'><strong>,Vl</strong></span> <span class='ocrx_word' id='word_1_69' title='bbox 296 1709 378 1800; x_wconf 74' lang='grc'>1218</span> <span class='ocrx_word' id='word_1_70' title='bbox 576 1725 702 1769; x_wconf 83' lang='lat' dir='ltr'><strong>...nec</strong></span> <span class='ocrx_word' id='word_1_71' title='bbox 723 1707 819 1770; x_wconf 83' lang='lat' dir='ltr'><strong>tristia</strong></span> <span class='ocrx_word' id='word_1_72' title='bbox 839 1710 936 1766; x_wconf 81' lang='lat' dir='ltr'><strong>saecla</strong></span> <span class='ocrx_word' id='word_1_73' title='bbox 957 1705 1084 1768; x_wconf 61' lang='lat' dir='ltr'><strong>letarum</strong></span> 
     </span>
     <span class='ocr_line' id='line_1_13' title="bbox 422 1809 652 1870; baseline 0.009 -3"><span class='ocrx_word' id='word_1_74' title='bbox 422 1809 541 1868; x_wconf 78' lang='lat' dir='ltr'><strong>exibant</strong></span> <span class='ocrx_word' id='word_1_75' title='bbox 563 1810 652 1870; x_wconf 89' lang='lat' dir='ltr'><strong>siluis.</strong></span> 
     </span>
    </p>
   </div>
   <div class='ocr_carea' id='block_1_9' title="bbox 158 1935 1408 2142">
    <p class='ocr_par' dir='ltr' id='par_1_9' title="bbox 158 1935 1408 2142">
     <span class='ocr_line' id='line_1_14' title="bbox 158 1935 1408 2044; baseline -0.003 -22"><span class='ocrx_word' id='word_1_76' title='bbox 158 2007 162 2012; x_wconf 86' lang='lat'><em>.</em></span> <span class='ocrx_word' id='word_1_77' title='bbox 241 1935 352 2041; x_wconf 31' lang='lat' dir='ltr'><strong>neque*</strong></span> <span class='ocrx_word' id='word_1_78' title='bbox 365 1957 421 2023; x_wconf 91' lang='lat' dir='ltr'><strong>ubi</strong></span> <span class='ocrx_word' id='word_1_79' title='bbox 443 1958 592 2026; x_wconf 81' lang='lat' dir='ltr'><strong>mortalia</strong></span> <span class='ocrx_word' id='word_1_80' title='bbox 613 1959 719 2026; x_wconf 81' lang='lat' dir='ltr'><strong>saecla</strong></span> <span class='ocrx_word' id='word_1_81' title='bbox 739 1959 857 2044; x_wconf 86' lang='lat' dir='ltr'><strong>legitur</strong></span> <span class='ocrx_word' id='word_1_82' title='bbox 879 1957 921 2022; x_wconf 87' lang='lat' dir='ltr'><strong>ad</strong></span> <span class='ocrx_word' id='word_1_83' title='bbox 944 1962 1066 2024; x_wconf 77' lang='lat' dir='ltr'><strong>aetates</strong></span> <span class='ocrx_word' id='word_1_84' title='bbox 1089 1957 1214 2041; x_wconf 83' lang='lat' dir='ltr'><strong>spectat</strong></span> <span class='ocrx_word' id='word_1_85' title='bbox 1234 1953 1295 2022; x_wconf 92' lang='lat' dir='ltr'><strong>boc</strong></span> <span class='ocrx_word' id='word_1_86' title='bbox 1313 1971 1408 2019; x_wconf 86' lang='lat' dir='ltr'><strong>uoca-</strong></span> 
     </span>
     <span class='ocr_line' id='line_1_15' title="bbox 236 2075 362 2142; baseline -0.008 -1"><span class='ocrx_word' id='word_1_87' title='bbox 236 2075 362 2142; x_wconf 81' lang='lat' dir='ltr'><strong>bulum:</strong></span> 
     </span>
    </p>
   </div>
   <div class='ocr_carea' id='block_1_10' title="bbox 162 2233 1217 2418">
    <p class='ocr_par' dir='ltr' id='par_1_10' title="bbox 162 2233 1217 2418">
     <span class='ocr_line' id='line_1_16' title="bbox 162 2233 1217 2309; baseline -0.001 -17"><span class='ocrx_word' id='word_1_88' title='bbox 162 2263 169 2276; x_wconf 60' lang='grc' dir='ltr'><em>ι</em></span> <span class='ocrx_word' id='word_1_89' title='bbox 237 2233 266 2292; x_wconf 91' lang='lat'><strong>11</strong></span> <span class='ocrx_word' id='word_1_90' title='bbox 298 2234 380 2294; x_wconf 82' lang='lat'>1153</span> <span class='ocrx_word' id='word_1_91' title='bbox 424 2234 511 2308; x_wconf 86' lang='lat' dir='ltr'><strong>baud,</strong></span> <span class='ocrx_word' id='word_1_92' title='bbox 533 2241 566 2294; x_wconf 84' lang='lat' dir='ltr'><strong>ut</strong></span> <span class='ocrx_word' id='word_1_93' title='bbox 587 2237 700 2309; x_wconf 88' lang='lat' dir='ltr'><strong>opinor,</strong></span> <span class='ocrx_word' id='word_1_94' title='bbox 723 2237 799 2295; x_wconf 92' lang='lat' dir='ltr'><strong>enim</strong></span> <span class='ocrx_word' id='word_1_95' title='bbox 820 2237 954 2296; x_wconf 85' lang='lat' dir='ltr'><strong>mortalia</strong></span> <span class='ocrx_word' id='word_1_96' title='bbox 974 2238 1072 2294; x_wconf 81' lang='lat' dir='ltr'><strong>saecla</strong></span> <span class='ocrx_word' id='word_1_97' title='bbox 1092 2249 1217 2308; x_wconf 86' lang='lat' dir='ltr'><strong>superne</strong></span> 
     </span>
     <span class='ocr_line' id='line_1_17' title="bbox 426 2336 1063 2418; baseline 0.003 -22"><span class='ocrx_word' id='word_1_98' title='bbox 426 2353 516 2398; x_wconf 87' lang='lat' dir='ltr'><strong>aurea</strong></span> <span class='ocrx_word' id='word_1_99' title='bbox 537 2337 573 2396; x_wconf 89' lang='lat' dir='ltr'><strong>de</strong></span> <span class='ocrx_word' id='word_1_100' title='bbox 595 2337 674 2396; x_wconf 87' lang='lat' dir='ltr'><strong>caelo</strong></span> <span class='ocrx_word' id='word_1_101' title='bbox 697 2337 811 2398; x_wconf 85' lang='lat' dir='ltr'><strong>demisit</strong></span> <span class='ocrx_word' id='word_1_102' title='bbox 833 2336 910 2418; x_wconf 84' lang='lat' dir='ltr'><strong>iupis</strong></span> <span class='ocrx_word' id='word_1_103' title='bbox 930 2339 961 2400; x_wconf 92' lang='lat' dir='ltr'><strong>in</strong></span> <span class='ocrx_word' id='word_1_104' title='bbox 982 2355 1063 2399; x_wconf 87' lang='lat' dir='ltr'><strong>arua.</strong></span> 
     </span>
    </p>
   </div>
   <div class='ocr_carea' id='block_1_11' title="bbox 273 2489 1232 2758">
    <p class='ocr_par' dir='ltr' id='par_1_11' title="bbox 273 2489 1232 2758">
     <span class='ocr_line' id='line_1_18' title="bbox 381 2489 1232 2566; baseline 0.002 -19"><span class='ocrx_word' id='word_1_105' title='bbox 381 2556 384 2559; x_wconf 49' lang='grc'>,</span> <span class='ocrx_word' id='word_1_106' title='bbox 427 2489 468 2548; x_wconf 89' lang='lat' dir='ltr'><strong>sic</strong></span> <span class='ocrx_word' id='word_1_107' title='bbox 489 2507 566 2548; x_wconf 86' lang='lat' dir='ltr'><strong>noua</strong></span> <span class='ocrx_word' id='word_1_108' title='bbox 586 2496 648 2549; x_wconf 91' lang='lat' dir='ltr'><strong>tum</strong></span> <span class='ocrx_word' id='word_1_109' title='bbox 670 2491 756 2550; x_wconf 88' lang='lat' dir='ltr'><strong>tellus</strong></span> <span class='ocrx_word' id='word_1_110' title='bbox 778 2490 884 2551; x_wconf 78' lang='lat' dir='ltr'><strong>herbas</strong></span> <span class='ocrx_word' id='word_1_111' title='bbox 905 2492 1087 2566; x_wconf 81' lang='lat' dir='ltr'><strong>uirgultaque</strong></span> <span class='ocrx_word' id='word_1_112' title='bbox 1109 2491 1232 2565; x_wconf 89' lang='lat' dir='ltr'><strong>primum</strong></span> 
     </span>
     <span class='ocr_line' id='line_1_19' title="bbox 273 2591 1125 2666; baseline 0.002 -16"><span class='ocrx_word' id='word_1_113' title='bbox 273 2591 299 2650; x_wconf 87' lang='lat' dir='ltr'><strong>V</strong></span> <span class='ocrx_word' id='word_1_114' title='bbox 323 2592 384 2652; x_wconf 85' lang='grc'><strong>788</strong></span> <span class='ocrx_word' id='word_1_115' title='bbox 428 2593 554 2664; x_wconf 77' lang='lat' dir='ltr'><strong>sustulit,</strong></span> <span class='ocrx_word' id='word_1_116' title='bbox 576 2592 643 2654; x_wconf 91' lang='lat' dir='ltr'><strong>inde</strong></span> <span class='ocrx_word' id='word_1_117' title='bbox 666 2593 721 2666; x_wconf 89' lang='lat' dir='ltr'><strong>loci</strong></span> <span class='ocrx_word' id='word_1_118' title='bbox 742 2593 876 2654; x_wconf 86' lang='lat' dir='ltr'><strong>mortalia</strong></span> <span class='ocrx_word' id='word_1_119' title='bbox 897 2597 993 2654; x_wconf 83' lang='lat' dir='ltr'><strong>saecla</strong></span> <span class='ocrx_word' id='word_1_120' title='bbox 1015 2595 1125 2655; x_wconf 85' lang='lat' dir='ltr'><strong>creauit</strong></span> 
     </span>
     <span class='ocr_line' id='line_1_20' title="bbox 428 2695 1117 2758; baseline 0 -2"><span class='ocrx_word' id='word_1_121' title='bbox 428 2695 518 2758; x_wconf 84' lang='lat' dir='ltr'><strong>multa</strong></span> <span class='ocrx_word' id='word_1_122' title='bbox 538 2696 631 2756; x_wconf 89' lang='lat' dir='ltr'><strong>modis</strong></span> <span class='ocrx_word' id='word_1_123' title='bbox 652 2696 750 2756; x_wconf 88' lang='lat' dir='ltr'><strong>multis</strong></span> <span class='ocrx_word' id='word_1_124' title='bbox 771 2697 854 2758; x_wconf 86' lang='lat' dir='ltr'><strong>uaria</strong></span> <span class='ocrx_word' id='word_1_125' title='bbox 875 2697 989 2758; x_wconf 87' lang='lat' dir='ltr'><strong>ratibne</strong></span> <span class='ocrx_word' id='word_1_126' title='bbox 1010 2701 1117 2756; x_wconf 84' lang='lat' dir='ltr'><strong>coorta.</strong></span> 
     </span>
    </p>
   </div>
   <div class='ocr_carea' id='block_1_12' title="bbox 176 2847 1247 2926">
    <p class='ocr_par' dir='ltr' id='par_1_12' title="bbox 176 2847 1247 2926">
     <span class='ocr_line' id='line_1_21' title="bbox 176 2847 1247 2926; baseline 0.004 -21"><span class='ocrx_word' id='word_1_127' title='bbox 176 2853 179 2858; x_wconf 82' lang='grc'><strong>“</strong></span> <span class='ocrx_word' id='word_1_128' title='bbox 273 2847 383 2908; x_wconf 65' lang='grc'>7802</span> <span class='ocrx_word' id='word_1_129' title='bbox 428 2853 489 2908; x_wconf 86' lang='lat' dir='ltr'><strong>tum</strong></span> <span class='ocrx_word' id='word_1_130' title='bbox 511 2849 565 2909; x_wconf 91' lang='lat' dir='ltr'><strong>tibi</strong></span> <span class='ocrx_word' id='word_1_131' title='bbox 587 2847 670 2909; x_wconf 84' lang='lat' dir='ltr'><strong>terra</strong></span> <span class='ocrx_word' id='word_1_132' title='bbox 687 2849 769 2910; x_wconf 87' lang='lat' dir='ltr'><strong>dedit</strong></span> <span class='ocrx_word' id='word_1_133' title='bbox 789 2852 913 2924; x_wconf 89' lang='lat' dir='ltr'><strong>primum</strong></span> <span class='ocrx_word' id='word_1_134' title='bbox 934 2851 1068 2910; x_wconf 86' lang='lat' dir='ltr'><strong>mortalia</strong></span> <span class='ocrx_word' id='word_1_135' title='bbox 1088 2848 1247 2926; x_wconf 68' lang='lat' dir='ltr'><strong>saecla25).</strong></span> 
     </span>
    </p>
   </div>
   <div class='ocr_carea' id='block_1_13' title="bbox 242 2999 446 3011">
    <p class='ocr_par' dir='ltr' id='par_1_13' title="bbox 242 2999 446 3011">
     <span class='ocr_line' id='line_1_22' title="bbox 242 2999 446 3011; baseline -0.005 -3"><span class='ocrx_word' id='word_1_136' title='bbox 242 2999 446 3011; x_wconf 75' lang='lat'><strong>----.--</strong></span> 
     </span>
    </p>
   </div>
   <div class='ocr_carea' id='block_1_14' title="bbox 335 3087 1005 3163">
    <p class='ocr_par' dir='ltr' id='par_1_14' title="bbox 335 3087 1005 3163">
     <span class='ocr_line' id='line_1_23' title="bbox 335 3087 1005 3163; baseline 0.01 -21"><span class='ocrx_word' id='word_1_137' title='bbox 335 3087 376 3163; x_wconf 77' lang='lat'><strong>34)</strong></span> <span class='ocrx_word' id='word_1_138' title='bbox 398 3087 472 3146; x_wconf 87' lang='lat' dir='ltr'><strong>Vide</strong></span> <span class='ocrx_word' id='word_1_139' title='bbox 494 3104 582 3161; x_wconf 84' lang='lat' dir='ltr'><strong>supra</strong></span> <span class='ocrx_word' id='word_1_140' title='bbox 602 3088 819 3148; x_wconf 70' lang='lat' dir='ltr'><strong>adnotationem</strong></span> <span class='ocrx_word' id='word_1_141' title='bbox 840 3105 932 3149; x_wconf 89' lang='lat' dir='ltr'><strong>meam</strong></span> <span class='ocrx_word' id='word_1_142' title='bbox 955 3095 1005 3153; x_wconf 81' lang='lat'><strong>30.</strong></span> 
     </span>
    </p>
   </div>
   <div class='ocr_carea' id='block_1_15' title="bbox 241 3195 1414 4306">
    <p class='ocr_par' dir='ltr' id='par_1_15' title="bbox 241 3195 1414 4306">
     <span class='ocr_line' id='line_1_24' title="bbox 335 3195 1412 3284; baseline 0.002 -20"><span class='ocrx_word' id='word_1_143' title='bbox 335 3207 375 3279; x_wconf 85' lang='lat'><strong>³⁵)</strong></span> <span class='ocrx_word' id='word_1_144' title='bbox 397 3207 444 3264; x_wconf 88' lang='lat' dir='ltr'><strong>Ita</strong></span> <span class='ocrx_word' id='word_1_145' title='bbox 465 3206 587 3266; x_wconf 81' lang='lat' dir='ltr'><strong>codices</strong></span> <span class='ocrx_word' id='word_1_146' title='bbox 631 3209 841 3282; x_wconf 78' lang='lat' dir='ltr'><strong>LacbmannuS,</strong></span> <span class='ocrx_word' id='word_1_147' title='bbox 864 3211 914 3284; x_wconf 91' lang='lat' dir='ltr'><strong>qni</strong></span> <span class='ocrx_word' id='word_1_148' title='bbox 934 3210 1009 3269; x_wconf 91' lang='lat' dir='ltr'><strong>uidit</strong></span> <span class='ocrx_word' id='word_1_149' title='bbox 1030 3216 1096 3284; x_wconf 91' lang='lat' dir='ltr'><strong>post</strong></span> <span class='ocrx_word' id='word_1_150' title='bbox 1117 3226 1146 3268; x_wconf 92' lang='lat' dir='ltr'><strong>u.</strong></span> <span class='ocrx_word' id='word_1_151' title='bbox 1171 3210 1249 3270; x_wconf 83' lang='lat'>798:</span> <span class='ocrx_word' id='word_1_152' title='bbox 1268 3195 1412 3284; x_wconf 70' lang='lat' dir='ltr'><strong>praepa</strong></span> 
     </span>
     <span class='ocr_line' id='line_1_25' title="bbox 244 3291 1412 3373; baseline -0.001 -23"><span class='ocrx_word' id='word_1_153' title='bbox 244 3311 334 3373; x_wconf 71' lang='lat' dir='ltr'><strong>penas</strong></span> <span class='ocrx_word' id='word_1_154' title='bbox 363 3291 481 3351; x_wconf 74' lang='lat' dir='ltr'><strong>adduam</strong></span> <span class='ocrx_word' id='word_1_155' title='bbox 509 3293 670 3370; x_wconf 79' lang='lat' dir='ltr'><strong>aeriaeque</strong></span> <span class='ocrx_word' id='word_1_156' title='bbox 685 3297 816 3353; x_wconf 81' lang='lat' dir='ltr'><strong>uolucres</strong></span> <span class='ocrx_word' id='word_1_157' title='bbox 838 3315 894 3354; x_wconf 82' lang='lat' dir='ltr'><strong>oua</strong></span> <span class='ocrx_word' id='word_1_158' title='bbox 916 3295 1111 3373; x_wconf 72' lang='lat' dir='ltr'><strong>relinquebant</strong></span> <span class='ocrx_word' id='word_1_159' title='bbox 1131 3296 1186 3354; x_wconf 86' lang='lat' dir='ltr'><strong>boc</strong></span> <span class='ocrx_word' id='word_1_160' title='bbox 1206 3295 1269 3352; x_wconf 86' lang='lat' dir='ltr'><strong>loco</strong></span> <span class='ocrx_word' id='word_1_161' title='bbox 1286 3293 1412 3369; x_wconf 63' lang='lat' dir='ltr'><strong>primum</strong></span> 
     </span>
     <span class='ocr_line' id='line_1_26' title="bbox 247 3377 1414 3459; baseline -0.005 -21"><span class='ocrx_word' id='word_1_162' title='bbox 247 3395 304 3438; x_wconf 93' lang='lat' dir='ltr'><strong>non</strong></span> <span class='ocrx_word' id='word_1_163' title='bbox 326 3394 411 3450; x_wconf 90' lang='lat' dir='ltr'><strong>posse</strong></span> <span class='ocrx_word' id='word_1_164' title='bbox 433 3395 533 3437; x_wconf 87' lang='lat' dir='ltr'><strong>nerum</strong></span> <span class='ocrx_word' id='word_1_165' title='bbox 557 3395 632 3455; x_wconf 88' lang='lat' dir='ltr'><strong>esse,</strong></span> <span class='ocrx_word' id='word_1_166' title='bbox 654 3381 685 3436; x_wconf 92' lang='lat' dir='ltr'><strong>in</strong></span> <span class='ocrx_word' id='word_1_167' title='bbox 707 3380 769 3439; x_wconf 92' lang='lat' dir='ltr'><strong>eius</strong></span> <span class='ocrx_word' id='word_1_168' title='bbox 789 3380 883 3440; x_wconf 84' lang='lat' dir='ltr'><strong>locum</strong></span> <span class='ocrx_word' id='word_1_169' title='bbox 901 3380 1011 3457; x_wconf 81' lang='lat' dir='ltr'><strong>passim</strong></span> <span class='ocrx_word' id='word_1_170' title='bbox 1035 3381 1192 3459; x_wconf 85' lang='lat' dir='ltr'><strong>substituit,</strong></span> <span class='ocrx_word' id='word_1_171' title='bbox 1214 3377 1291 3452; x_wconf 90' lang='lat' dir='ltr'><strong>quod</strong></span> <span class='ocrx_word' id='word_1_172' title='bbox 1306 3377 1414 3452; x_wconf 86' lang='lat' dir='ltr'><strong>recepit</strong></span> 
     </span>
     <span class='ocr_line' id='line_1_27' title="bbox 246 3465 1412 3541; baseline -0.004 -17"><span class='ocrx_word' id='word_1_173' title='bbox 246 3465 430 3536; x_wconf 82' lang='lat' dir='ltr'><strong>Bernaysius&#39;.</strong></span> <span class='ocrx_word' id='word_1_174' title='bbox 476 3465 582 3522; x_wconf 86' lang='lat' dir='ltr'><strong>Mnnrc</strong></span> <span class='ocrx_word' id='word_1_175' title='bbox 603 3466 732 3524; x_wconf 87' lang='lat' dir='ltr'><strong>seruauit</strong></span> <span class='ocrx_word' id='word_1_176' title='bbox 749 3466 876 3541; x_wconf 67' lang='lat' dir='ltr'><strong>primum</strong></span> <span class='ocrx_word' id='word_1_177' title='bbox 894 3471 924 3525; x_wconf 90' lang='lat' dir='ltr'><strong>et</strong></span> <span class='ocrx_word' id='word_1_178' title='bbox 938 3469 1071 3525; x_wconf 73' lang='lat' dir='ltr'><strong>mortalia</strong></span> <span class='ocrx_word' id='word_1_179' title='bbox 1084 3469 1191 3538; x_wconf 79' lang='lat' dir='ltr'><strong>saecla,</strong></span> <span class='ocrx_word' id='word_1_180' title='bbox 1207 3469 1241 3523; x_wconf 89' lang='lat' dir='ltr'><strong>ut</strong></span> <span class='ocrx_word' id='word_1_181' title='bbox 1256 3465 1316 3524; x_wconf 88' lang='grc'><strong>986</strong></span> <span class='ocrx_word' id='word_1_182' title='bbox 1331 3477 1412 3521; x_wconf 91' lang='lat' dir='ltr'><strong>usur·</strong></span> 
     </span>
     <span class='ocr_line' id='line_1_28' title="bbox 241 3549 1411 3626; baseline 0.001 -19"><span class='ocrx_word' id='word_1_183' title='bbox 241 3551 344 3622; x_wconf 74' lang='lat' dir='ltr'><strong>‘patum</strong></span> <span class='ocrx_word' id='word_1_184' title='bbox 368 3565 431 3607; x_wconf 89' lang='lat' dir='ltr'><strong>esse</strong></span> <span class='ocrx_word' id='word_1_185' title='bbox 454 3550 496 3607; x_wconf 84' lang='lat' dir='ltr'><strong>ait</strong></span> <span class='ocrx_word' id='word_1_186' title='bbox 517 3550 553 3608; x_wconf 87' lang='lat' dir='ltr'><strong>de</strong></span> <span class='ocrx_word' id='word_1_187' title='bbox 574 3549 699 3607; x_wconf 87' lang='lat' dir='ltr'><strong>hnmano</strong></span> <span class='ocrx_word' id='word_1_188' title='bbox 722 3567 842 3624; x_wconf 79' lang='lat' dir='ltr'><strong>genere,</strong></span> <span class='ocrx_word' id='word_1_189' title='bbox 866 3569 924 3609; x_wconf 87' lang='lat' dir='ltr'><strong>non</strong></span> <span class='ocrx_word' id='word_1_190' title='bbox 946 3552 981 3609; x_wconf 92' lang='lat' dir='ltr'><strong>de</strong></span> <span class='ocrx_word' id='word_1_191' title='bbox 1004 3553 1080 3610; x_wconf 90' lang='lat' dir='ltr'><strong>omni</strong></span> <span class='ocrx_word' id='word_1_192' title='bbox 1100 3568 1207 3626; x_wconf 83' lang='lat' dir='ltr'><strong>genere</strong></span> <span class='ocrx_word' id='word_1_193' title='bbox 1228 3550 1411 3614; x_wconf 73' lang='lat' dir='ltr'><strong>animantum.</strong></span> 
     </span>
     <span class='ocr_line' id='line_1_29' title="bbox 249 3631 1413 3713; baseline -0.002 -21"><span class='ocrx_word' id='word_1_194' title='bbox 249 3631 325 3706; x_wconf 84' lang='lat' dir='ltr'><strong>qued</strong></span> <span class='ocrx_word' id='word_1_195' title='bbox 347 3647 405 3690; x_wconf 87' lang='lat' dir='ltr'><strong>non</strong></span> <span class='ocrx_word' id='word_1_196' title='bbox 428 3640 473 3692; x_wconf 88' lang='lat' dir='ltr'><strong>est</strong></span> <span class='ocrx_word' id='word_1_197' title='bbox 494 3633 642 3707; x_wconf 87' lang='lat' dir='ltr'><strong>credibile,</strong></span> <span class='ocrx_word' id='word_1_198' title='bbox 665 3651 728 3692; x_wconf 89' lang='lat' dir='ltr'><strong>cum</strong></span> <span class='ocrx_word' id='word_1_199' title='bbox 750 3637 849 3708; x_wconf 85' lang='lat' dir='ltr'><strong>paucis</strong></span> <span class='ocrx_word' id='word_1_200' title='bbox 871 3636 1003 3694; x_wconf 90' lang='lat' dir='ltr'><strong>uersibus</strong></span> <span class='ocrx_word' id='word_1_201' title='bbox 1025 3643 1091 3695; x_wconf 89' lang='lat' dir='ltr'><strong>ante</strong></span> <span class='ocrx_word' id='word_1_202' title='bbox 1113 3635 1200 3713; x_wconf 84' lang='grc'>(788)</span> <span class='ocrx_word' id='word_1_203' title='bbox 1224 3635 1324 3694; x_wconf 89' lang='lat' dir='ltr'><strong>eadem</strong></span> <span class='ocrx_word' id='word_1_204' title='bbox 1346 3648 1413 3692; x_wconf 88' lang='lat' dir='ltr'><strong>uoce</strong></span> 
     </span>
     <span class='ocr_line' id='line_1_30' title="bbox 249 3718 1414 3798; baseline -0.002 -22"><span class='ocrx_word' id='word_1_205' title='bbox 249 3732 349 3777; x_wconf 87' lang='lat' dir='ltr'><strong>omnes</strong></span> <span class='ocrx_word' id='word_1_206' title='bbox 371 3720 531 3779; x_wconf 79' lang='lat' dir='ltr'><strong>animantes</strong></span> <span class='ocrx_word' id='word_1_207' title='bbox 552 3719 759 3792; x_wconf 80' lang='lat' dir='ltr'><strong>significentur.</strong></span> <span class='ocrx_word' id='word_1_208' title='bbox 802 3737 855 3780; x_wconf 91' lang='lat' dir='ltr'><strong>nec</strong></span> <span class='ocrx_word' id='word_1_209' title='bbox 869 3723 981 3798; x_wconf 80' lang='lat' dir='ltr'><strong>passim</strong></span> <span class='ocrx_word' id='word_1_210' title='bbox 1003 3739 1104 3781; x_wconf 84' lang='lat' dir='ltr'><strong>uerum</strong></span> <span class='ocrx_word' id='word_1_211' title='bbox 1119 3738 1182 3781; x_wconf 89' lang='lat' dir='ltr'><strong>esse</strong></span> <span class='ocrx_word' id='word_1_212' title='bbox 1196 3720 1322 3780; x_wconf 88' lang='lat' dir='ltr'><strong>uidetur.</strong></span> <span class='ocrx_word' id='word_1_213' title='bbox 1357 3718 1414 3791; x_wconf 85' lang='lat' dir='ltr'><strong>pri·</strong></span> 
     </span>
     <span class='ocr_line' id='line_1_31' title="bbox 247 3804 1413 3880; baseline -0.001 -18"><span class='ocrx_word' id='word_1_214' title='bbox 247 3819 325 3862; x_wconf 89' lang='lat' dir='ltr'><strong>mum</strong></span> <span class='ocrx_word' id='word_1_215' title='bbox 352 3804 428 3860; x_wconf 90' lang='lat' dir='ltr'><strong>enim</strong></span> <span class='ocrx_word' id='word_1_216' title='bbox 456 3823 513 3863; x_wconf 89' lang='lat' dir='ltr'><strong>non</strong></span> <span class='ocrx_word' id='word_1_217' title='bbox 539 3804 640 3876; x_wconf 91' lang='lat' dir='ltr'><strong>uideo,</strong></span> <span class='ocrx_word' id='word_1_218' title='bbox 669 3822 720 3864; x_wconf 89' lang='lat' dir='ltr'><strong>cur</strong></span> <span class='ocrx_word' id='word_1_219' title='bbox 746 3812 826 3869; x_wconf 87' lang='lat' dir='ltr'><strong>terra</strong></span> <span class='ocrx_word' id='word_1_220' title='bbox 852 3809 958 3880; x_wconf 88' lang='lat' dir='ltr'><strong>passim&#39;</strong></span> <span class='ocrx_word' id='word_1_221' title='bbox 985 3808 1120 3866; x_wconf 84' lang='lat' dir='ltr'><strong>mortalia</strong></span> <span class='ocrx_word' id='word_1_222' title='bbox 1148 3806 1243 3866; x_wconf 87' lang='lat' dir='ltr'><strong>saecla</strong></span> <span class='ocrx_word' id='word_1_223' title='bbox 1267 3804 1413 3879; x_wconf 86' lang='lat' dir='ltr'><strong>peperisse</strong></span> 
     </span>
     <span class='ocr_line' id='line_1_32' title="bbox 248 3889 1413 3966; baseline -0.003 -18"><span class='ocrx_word' id='word_1_224' title='bbox 248 3889 371 3960; x_wconf 87' lang='lat' dir='ltr'><strong>dicatur,</strong></span> <span class='ocrx_word' id='word_1_225' title='bbox 388 3897 540 3966; x_wconf 74' lang='lat' dir='ltr'><strong>postquam</strong></span> <span class='ocrx_word' id='word_1_226' title='bbox 562 3890 695 3949; x_wconf 89' lang='lat' dir='ltr'><strong>uolucres</strong></span> <span class='ocrx_word' id='word_1_227' title='bbox 716 3893 890 3963; x_wconf 82' lang='lat' dir='ltr'><strong>peperisset3</strong></span> <span class='ocrx_word' id='word_1_228' title='bbox 913 3909 978 3951; x_wconf 90' lang='lat' dir='ltr'><strong>nam</strong></span> <span class='ocrx_word' id='word_1_229' title='bbox 1001 3901 1057 3951; x_wconf 73' lang='lat' dir='ltr'><strong>narn</strong></span> <span class='ocrx_word' id='word_1_230' title='bbox 1074 3891 1217 3966; x_wconf 89' lang='lat' dir='ltr'><strong>particula</strong></span> <span class='ocrx_word' id='word_1_231' title='bbox 1232 3898 1316 3950; x_wconf 86' lang='lat' dir='ltr'><strong>utens</strong></span> <span class='ocrx_word' id='word_1_232' title='bbox 1329 3893 1413 3963; x_wconf 73' lang='lat' dir='ltr'><strong>poeta</strong></span> 
     </span>
     <span class='ocr_line' id='line_1_33' title="bbox 248 3973 1412 4054; baseline -0.005 -18"><span class='ocrx_word' id='word_1_233' title='bbox 248 3973 398 4036; x_wconf 77' lang='lat' dir='ltr'><strong>conuscat</strong></span> <span class='ocrx_word' id='word_1_234' title='bbox 424 3975 599 4044; x_wconf 84' lang='lat' dir='ltr'><strong>orationem,</strong></span> <span class='ocrx_word' id='word_1_235' title='bbox 629 3991 715 4046; x_wconf 87' lang='lat' dir='ltr'><strong>quam</strong></span> <span class='ocrx_word' id='word_1_236' title='bbox 732 3976 877 4054; x_wconf 66' lang='lat' dir='ltr'><strong>princepio</strong></span> <span class='ocrx_word' id='word_1_237' title='bbox 901 3994 972 4036; x_wconf 89' lang='lat' dir='ltr'><strong>uoce</strong></span> <span class='ocrx_word' id='word_1_238' title='bbox 993 3978 1134 4047; x_wconf 83' lang='lat' dir='ltr'><strong>institnit3</strong></span> <span class='ocrx_word' id='word_1_239' title='bbox 1164 3978 1246 4049; x_wconf 87' lang='lat' dir='ltr'><strong>quasi</strong></span> <span class='ocrx_word' id='word_1_240' title='bbox 1268 3976 1412 4035; x_wconf 87' lang='lat' dir='ltr'><strong>uolucrum</strong></span> 
     </span>
     <span class='ocr_line' id='line_1_34' title="bbox 248 4059 1412 4137; baseline -0.003 -19"><span class='ocrx_word' id='word_1_241' title='bbox 248 4065 350 4137; x_wconf 88' lang='lat' dir='ltr'><strong>partus</strong></span> <span class='ocrx_word' id='word_1_242' title='bbox 378 4061 482 4118; x_wconf 90' lang='lat' dir='ltr'><strong>ceteris</strong></span> <span class='ocrx_word' id='word_1_243' title='bbox 509 4060 640 4133; x_wconf 87' lang='lat' dir='ltr'><strong>partibus</strong></span> <span class='ocrx_word' id='word_1_244' title='bbox 668 4061 745 4118; x_wconf 91' lang='lat' dir='ltr'><strong>uiam</strong></span> <span class='ocrx_word' id='word_1_245' title='bbox 767 4063 942 4136; x_wconf 82' lang='lat' dir='ltr'><strong>aperuisset!</strong></span> <span class='ocrx_word' id='word_1_246' title='bbox 987 4063 1092 4123; x_wconf 89' lang='lat' dir='ltr'><strong>deinde</strong></span> <span class='ocrx_word' id='word_1_247' title='bbox 1114 4061 1246 4122; x_wconf 81' lang='lat' dir='ltr'><strong>offendor</strong></span> <span class='ocrx_word' id='word_1_248' title='bbox 1267 4078 1317 4132; x_wconf 91' lang='lat' dir='ltr'><strong>ec,</strong></span> <span class='ocrx_word' id='word_1_249' title='bbox 1340 4059 1412 4131; x_wconf 87' lang='lat' dir='ltr'><strong>quod</strong></span> 
     </span>
     <span class='ocr_line' id='line_1_35' title="bbox 248 4145 1411 4228; baseline 0 -26"><span class='ocrx_word' id='word_1_250' title='bbox 248 4151 343 4221; x_wconf 72' lang='lat' dir='ltr'><strong>pocta,</strong></span> <span class='ocrx_word' id='word_1_251' title='bbox 366 4151 518 4218; x_wconf 85' lang='lat' dir='ltr'><strong>postquam</strong></span> <span class='ocrx_word' id='word_1_252' title='bbox 534 4145 640 4218; x_wconf 87' lang='lat' dir='ltr'><strong>passim</strong></span> <span class='ocrx_word' id='word_1_253' title='bbox 656 4150 764 4205; x_wconf 85' lang='lat' dir='ltr'><strong>terram</strong></span> <span class='ocrx_word' id='word_1_254' title='bbox 779 4147 914 4206; x_wconf 85' lang='lat' dir='ltr'><strong>mortalia</strong></span> <span class='ocrx_word' id='word_1_255' title='bbox 928 4148 1021 4206; x_wconf 88' lang='lat' dir='ltr'><strong>saecla</strong></span> <span class='ocrx_word' id='word_1_256' title='bbox 1035 4147 1148 4207; x_wconf 87' lang='lat' dir='ltr'><strong>dedisse</strong></span> <span class='ocrx_word' id='word_1_257' title='bbox 1163 4147 1247 4218; x_wconf 86' lang='lat' dir='ltr'><strong>dixit,</strong></span> <span class='ocrx_word' id='word_1_258' title='bbox 1262 4163 1298 4228; x_wconf 69' lang='lat' dir='ltr'><strong>en</strong></span> <span class='ocrx_word' id='word_1_259' title='bbox 1313 4146 1411 4226; x_wconf 75' lang='lat' dir='ltr'><strong>harum</strong></span> 
     </span>
     <span class='ocr_line' id='line_1_36' title="bbox 248 4226 1413 4306; baseline -0.005 -13"><span class='ocrx_word' id='word_1_260' title='bbox 248 4230 335 4293; x_wconf 89' lang='lat' dir='ltr'><strong>turba</strong></span> <span class='ocrx_word' id='word_1_261' title='bbox 357 4247 445 4290; x_wconf 90' lang='lat' dir='ltr'><strong>unum</strong></span> <span class='ocrx_word' id='word_1_262' title='bbox 469 4229 619 4289; x_wconf 86' lang='lat' dir='ltr'><strong>bominem¹</strong></span> <span class='ocrx_word' id='word_1_263' title='bbox 635 4231 753 4306; x_wconf 88' lang='lat' dir='ltr'><strong>eiusque</strong></span> <span class='ocrx_word' id='word_1_264' title='bbox 770 4233 894 4304; x_wconf 84' lang='lat' dir='ltr'><strong>primum</strong></span> <span class='ocrx_word' id='word_1_265' title='bbox 908 4237 1022 4306; x_wconf 86' lang='lat' dir='ltr'><strong>partum</strong></span> <span class='ocrx_word' id='word_1_266' title='bbox 1038 4232 1186 4293; x_wconf 76' lang='lat' dir='ltr'><strong>describit.</strong></span> <span class='ocrx_word' id='word_1_267' title='bbox 1207 4237 1255 4291; x_wconf 83' lang='lat' dir='ltr'><strong>-at</strong></span> <span class='ocrx_word' id='word_1_268' title='bbox 1268 4226 1342 4290; x_wconf 88' lang='lat' dir='ltr'><strong>nibil</strong></span> <span class='ocrx_word' id='word_1_269' title='bbox 1355 4245 1413 4287; x_wconf 87' lang='lat' dir='ltr'><strong>mu·</strong></span> 
     </span>
    </p>
   </div>
   <div class='ocr_carea' id='block_1_16' title="bbox 0 0 1529 4832">
    <p class='ocr_par' dir='ltr' id='par_1_16' title="bbox 0 0 1529 4832">
     <span class='ocr_line' id='line_1_37' title="bbox 0 0 1529 4832; baseline 0 0"><span class='ocrx_word' id='word_1_270' title='bbox 0 0 1529 4832; x_wconf 95' lang='lat' dir='ltr'><strong> </strong></span> 
     </span>
    </p>
   </div>
  </div>
 </body>
</html>
