3028 4830
776 366 816 428 30

723 451 874 464 -ψ-

242 567 267 624 V
289 569 350 626 790
394 584 459 643 nam
482 585 575 642 neque
598 569 634 627 de
656 570 735 629 eaelo
757 569 894 630 occidisse
916 568 1054 628 ommalia
1076 575 1204 643 possunt,

393 686 448 729 nec
469 673 619 730 terrestria
640 672 676 730 de
698 673 781 732 salsis
802 673 895 732 exisse
915 672 1039 732 lacunis:

392 772 533 846 linquitur
553 779 587 833 ut
606 775 708 833 merito
731 781 890 834 maternum
912 790 1016 833 nomen
1037 773 1143 847 adepta

391 881 471 934 terra
492 875 538 948 sit,
562 893 578 934 e
599 880 679 934 terra
701 877 835 948 quoniam
856 882 924 936 sunt
945 882 1048 936 cuncta
1069 881 1174 936 crecta.

288 979 349 1038 794
392 977 538 1050 multaque
559 996 634 1037 nnnc
655 979 741 1037 etiam
764 980 890 1037 existunt
911 979 1049 1038 animalia
1069 979 1164 1036 terris.

214 1125 248 1190 in
277 1126 431 1209 proximis
458 1125 605 1192 uersibus
632 1132 664 1192 et
693 1127 747 1211 qni
774 1126 966 1193 antecedunt
995 1131 1027 1192 et
1053 1129 1108 1211 qui
1130 1130 1279 1193 secuntur
1301 1146 1377 1208 qua-

215 1243 390 1328 dripedum,
412 1245 687 1330 pennipotentum,
709 1246 883 1329 uolucrum,
900 1246 1079 1312 cicadarum
1094 1247 1213 1312 mentio
1227 1247 1274 1328 fit,
1296 1267 1376 1330 quas

215 1362 333 1448 species
355 1363 526 1449 respiciens
548 1368 647 1450 polita
668 1367 821 1434 coenolio
838 1365 975 1452 scripsit.
1019 1373 1180 1451 postremo
1195 1366 1264 1431 loco
1280 1366 1376 1431 simil·

214 1481 282 1548 limi
304 1490 380 1550 sunt
399 1482 446 1548 hi:

427 1597 430 1603 ’
518 1607 687 1686 ...alyne
700 1617 726 1666 et
736 1608 865 1687 plastae)
888 1627 952 1670 oum
974 1616 1041 1670 sunt
1062 1610 1144 1684 quasi
1165 1607 1327 1684 putrefacta

969 1730 1021 1788 per
1042 1713 1148 1772 imbres

388 1813 559 1873 normiculos
580 1813 705 1888 pariunt,
729 1816 796 1886 quia
817 1831 938 1888 corpora
958 1817 1089 1875 materiai

359 1931 361 1936 ·
389 1917 515 1990 antiquis
537 1935 573 1998 ep
595 1917 745 2002 erdinibns
766 1925 896 1992 permota
916 1935 992 1978 nona
1013 1935 1045 1977 re

133 2068 135 2076 ,
233 2017 341 2082 11901
388 2020 576 2080 conciliantur
597 2021 639 2078 ita
660 2026 692 2079 nt
714 2020 821 2097 debent
841 2022 978 2081 animalia
999 2023 1088 2095 gigni.

541 2217 548 2233 .
566 2219 573 2233 .
591 2219 597 2234 .
614 2173 732 2233 credere
754 2179 860 2248 cogunt

231 2274 345 2344 11870
389 2289 424 2332 ex
446 2276 638 2348 insensilibus,
662 2275 738 2348 quod
761 2275 834 2347 dico,
857 2275 996 2334 animalia
1018 2276 1104 2350 gigni.

363 2453 369 2464 ·
389 2377 494 2449 quippe
515 2377 614 2437 uidere
631 2377 705 2435 licet
725 2377 808 2436 uiuos
830 2377 953 2436 existere
974 2395 1161 2438 uermes...

212 2529 288 2588 sunt
309 2527 415 2588 autem
438 2523 499 2588 duo
522 2525 577 2588 alii
598 2524 668 2604 loci,
695 2523 751 2588 ubi
772 2522 892 2590 dehac
913 2526 1022 2591 eadem
1044 2527 1245 2611 generatione
1267 2527 1369 2610 aequi·

211 2660 299 2723 uoca,
323 2663 418 2726 quam
440 2644 543 2708 nostri
558 2643 739 2728 philosophi
753 2649 880 2726 uocant,
903 2647 1044 2730 exponit,
1058 2667 1116 2710 neo
1131 2645 1169 2710 de
1184 2649 1371 2714 actualibus

209 2760 360 2844 loquitur,
384 2761 438 2828 sed
459 2763 499 2828 de
520 2737 740 2845 auersantibus,
762 2764 849 2847 quod
862 2764 979 2830 mirum
992 2765 1129 2849 cuipiam
1144 2765 1246 2830 uideri
1260 2764 1370 2849 possit,

208 2901 274 2945 non
302 2886 410 2945 tumen
435 2886 554 2948 temere
580 2880 700 2948 factum
726 2890 776 2950 est
802 2903 872 2950 meo
901 2883 1028 2967 quidem
1049 2883 1180 2965 iudicio,
1208 2883 1263 2948 sed
1284 2890 1373 2948 certa

208 2999 349 3083 quadam
370 2999 508 3064 ratione:

386 3142 416 3196 et
438 3139 541 3210 quibus
563 3140 612 3199 ille
633 3115 725 3200 modis
746 3157 915 3215 congressus
937 3145 1068 3204 materiei

384 3237 512 3300 fundarit
532 3246 641 3300 terram
662 3243 771 3302 caelum
793 3261 871 3305 mare
894 3246 989 3305 sidera
1010 3246 1098 3305 solem

253 3342 277 3400 V
301 3343 340 3402 69
385 3340 520 3416 lunaique
542 3343 673 3418 globum3
697 3350 756 3404 tum
780 3362 853 3418 quae
875 3347 978 3408 tellure
1000 3349 1158 3407 animandae

383 3446 541 3505 extiterint.
991 3447 998 3472 ⁸

381 3581 458 3642 unde
480 3557 622 3642 coloneio
644 3585 773 3664 rancenti
795 3573 852 3644 iani
876 3587 985 3646 uiscere
1007 3602 1119 3646 uermes

133 3751 135 3756 ¹
205 3683 248 3742 111
277 3686 338 3743 718
383 3684 517 3756 expirant
538 3689 625 3756 atque
647 3686 724 3744 unde
745 3687 921 3748 animantum
943 3690 1026 3762 copia
1047 3695 1128 3747 tanta

383 3801 452 3843 exos
473 3791 503 3846 et
523 3787 662 3859 exanguis
684 3789 809 3847 tumidos
831 3791 1003 3862 perfluctuat
1023 3789 1124 3850 artus?

382 3887 459 3958 quod
481 3888 505 3946 si
527 3885 602 3948 forte
624 3889 734 3948 animas
755 3891 932 3950 extrinsecus
953 3893 1092 3951 insinceri

383 3988 530 4048 uermibus
553 4033 559 4048 .
577 4035 583 4049 .
601 4034 609 4048 .
632 3990 726 4050 credis
748 4035 779 4050 ..
797 4038 803 4052 .

204 4138 311 4225 priore
339 4136 408 4204 looo
436 4135 524 4202 nulle
545 4137 730 4203 animalium
752 4140 870 4224 species
892 4141 1090 4225 nominatur,
1117 4143 1172 4210 sed
1193 4145 1366 4212 animantes

204 4259 342 4342 quodam
364 4257 458 4325 modo
481 4257 630 4323 inanimis
651 4259 716 4324 illis
730 4259 825 4325 rebus
841 4267 1063 4344 opponuntur;
1085 4263 1246 4346 posterior
1260 4271 1365 4330 autem
