3028 4830
728 395 878 489 ,0,

222 589 303 656 aliae
325 591 443 675 species
464 591 535 657 aliis
557 599 771 676 opponuntur,
793 592 871 677 quin
891 592 988 657 etiam
1003 591 1175 676 opponitur
1189 589 1379 671 hominibus,

222 712 367 776 00010000
387 729 464 775 uero
486 709 614 774 minime
634 710 756 775 homini
778 710 897 795 opponi
917 715 1039 793 potest:

242 867 270 926 11
292 871 352 927 973
397 866 520 941 denique
542 867 585 925 uti
606 866 717 942 possint
738 869 844 926 sentiro
866 866 1005 926 animalia
1027 881 1165 943 quaeque,

396 968 545 1044 principiis
567 969 591 1026 si
611 969 669 1026 iam
686 973 732 1026 est
753 985 851 1028 sensns
873 968 1043 1028 tribuendus
1064 983 1171 1038 sorum,

397 1071 475 1144 quid,
497 1087 586 1143 genus
607 1071 760 1128 humanum
782 1071 935 1144 propritim
956 1069 992 1128 de
1015 1066 1110 1142 quibu’
1130 1066 1283 1127 factumst?

322 1209 324 1214 ,
396 1171 506 1231 scilicet
526 1177 555 1231 et
576 1172 636 1230 risu
657 1173 779 1231 tremulo
802 1188 939 1230 concussa
959 1170 1152 1230 cachinnant

396 1280 426 1333 ct
445 1273 570 1332 lacrimis
593 1279 731 1347 spargunt
751 1273 917 1332 rorantibus
938 1289 990 1330 ora
1011 1270 1215 1347 3000000017).

220 1410 419 1418 ———-.—-·

307 1494 347 1572 17)
369 1495 408 1554 Hi
431 1493 487 1553 duo
508 1493 601 1552 ultimi
622 1509 722 1554 00οεοε
745 1511 808 1552 cum
829 1493 946 1566 paulum
967 1492 1069 1552 mutati
1091 1495 1259 1564 repetantur

357 1615 372 1672 1
395 1616 454 1674 ala
490 1613 543 1691 fiet
563 1613 604 1671 nti
623 1613 684 1671 risa
706 1615 822 1671 tremulo
845 1631 982 1670 concussa
1003 1608 1169 1670 cachinnent

498 1707 523 1756 et
544 1697 669 1757 lacrimis
690 1698 773 1756 salsis
794 1705 929 1756 umectent
947 1717 1001 1756 oro
1019 1714 1170 1774 penesque,

218 1831 267 1875 eos
295 1817 326 1874 in
352 1818 475 1889 primum
503 1817 608 1876 librum
630 1815 703 1875 male
725 1816 849 1876 insertos
871 1832 933 1875 esse
955 1815 1078 1890 probare
1101 1820 1219 1873 conatus
1240 1818 1284 1872 est
1306 1815 1377 1873 For-

216 1901 298 1972 biger
319 1901 350 1959 in
364 1903 572 1962 Dissertationc
589 1902 624 1960 de
639 1901 671 1960 T.
688 1899 816 1960 Lucretii
830 1900 896 1962 Cari
912 1900 1046 1971 carmine,
1070 1899 1149 1972 Lips.
1169 1901 1258 1970 1824,
1281 1917 1309 1972 p.
1326 1901 1376 1970 47,

216 2002 299 2058 quem
322 1992 417 2045 tamen
439 2004 521 2046 nemo
543 1992 656 2045 secutus
678 1991 722 2044 est
742 2001 855 2056 eorum,
879 1986 928 2058 qui
950 1983 1101 2042 ediderunt
1123 1983 1302 2042 Lucretium:
1333 1984 1377 2040 in-

215 2074 408 2150 1001000010
435 2073 614 2144 reliquerunt
634 2071 700 2130 illos
721 2087 821 2129 00οεοε
842 2071 1042 2130 Lachmannus
1063 2069 1238 2140 Bernaysius
1260 2069 1374 2141 Murro,

215 2154 344 2214 defendit
366 2162 467 2216 contra
481 2157 670 2230 Forbigerum
687 2157 712 2213 is
735 2156 783 2228 qui
798 2157 884 2228 solus,
906 2156 961 2213 nisi
976 2152 1069 2226 fallor,
1093 2154 1166 2212 hanc
1181 2153 1376 2225 quaestionem

213 2243 360 2313 tractauit,
384 2244 419 2300 H.
436 2243 616 2300 Purmannus
638 2240 852 2316 (Quaestionum
871 2241 957 2300 Lucr.
973 2240 1125 2310 specimen,
1148 2237 1265 2296 Vratisl.
1286 2241 1373 2310 1846,

185 2341 242 2407 .P·
267 2327 305 2382 43
335 2335 397 2399 sqq.
421 2331 471 2386 47.
496 2328 550 2396 64;
585 2327 665 2383 Neue
694 2325 814 2402 deiadpe
841 2346 865 2383 z.
893 2325 957 2382 loris.
986 2326 1013 2383 ol.
1041 2325 1129 2382 Lacr.
1158 2341 1187 2396 p.
1219 2323 1279 2396 12).
1324 2340 1375 2382 nec

214 2413 310 2468 tamen
330 2409 365 2468 dc
380 2411 533 2484 Forbigeri
554 2409 698 2468 sententia
719 2411 771 2468 100
794 2409 908 2480 quidem
930 2409 992 2467 loco
1010 2408 1067 2466 dici
1081 2414 1176 2480 potest
1189 2408 1275 2480 idem,
1299 2407 1371 2482 quod

213 2491 414 2552 Lachmannus
442 2495 478 2552 ad
499 2494 539 2551 IV
567 2496 606 2553 45
629 2495 751 2565 scripsit.
796 2494 893 2566 1100οθ
922 2509 1015 2551 meum
1044 2509 1106 2551 esse
1134 2509 1235 2552 censeo
1258 2493 1370 2552 uberius

213 2581 300 2649 atque
333 2579 464 2638 omnibus
499 2579 676 2654 argumentis
706 2579 817 2636 collatis
845 2578 997 2636 ostendere
1026 2578 1192 2639 Lucretium
1221 2577 1251 2635 in
1279 2579 1371 2652 primo

212 2660 286 2720 libro
309 2664 360 2721 1οε
382 2680 483 2722 00οεοε
504 2680 561 2721 000
581 2665 707 2736 potuisse
723 2665 857 2723 scribere.
894 2680 960 2721 nam
974 2663 1116 2736 Forbiger
1132 2663 1246 2734 quidem
1261 2662 1372 2720 dixerat

212 2763 261 2806 eos
282 2749 420 2822 abruptos
443 2754 472 2807 ct
495 2749 602 2808 alienos
624 2765 701 2819 esse3
725 2750 891 2808 Lucretium
911 2765 959 2808 00.
983 2750 1148 2808 ars-917
1171 2749 1275 2819 omnia,
1299 2759 1370 2818 quae

211 2838 296 2891 antea
323 2835 353 2891 in
373 2835 574 2909 Anaxagoram
603 2834 735 2906 dixisset,
764 2835 891 2892 breuiter
920 2832 1099 2905 complexum
1128 2849 1241 2891 omnem
1264 2830 1370 2904 disqui-

211 2918 342 2976 sitionem
376 2919 430 2979 hac
456 2921 637 2979 conclusione
663 2917 763 2976 finire:
798 2918 935 2991 denique,
963 2919 987 2976 si
1015 2917 1204 2990 Anaxagorae
1232 2916 1373 2976 sententia

209 3004 364 3076 probatur,
399 3006 490 3063 omnis
521 3003 743 3076 primordiorum
771 3005 849 3061 notio
876 3020 995 3076 prorsus
1022 3001 1134 3061 tollitur
1160 3008 1189 3062 et
1216 3002 1369 3060 euanescit.

209 3087 265 3144 iam
295 3087 431 3162 languide
460 3094 489 3147 et
515 3089 612 3160 inepte
634 3088 698 3145 illos
720 3105 821 3146 00οεοε
842 3089 952 3146 iocosos
975 3087 1080 3159 subici,
1109 3105 1172 3146 cum
1193 3103 1229 3145 00
1252 3086 1371 3145 000100
1401 3151 1409 3166 .

210 3171 324 3244 quidem
358 3174 558 3244 antecesserit,
593 3189 648 3245 quo
683 3172 739 3232 tale
769 3171 836 3245 quid
867 3174 1074 3246 designaretur.
1125 3172 1166 3231 At
1192 3173 1372 3230 Purmannus

210 3272 382 3330 quamquam
404 3259 528 3332 absonos
550 3263 579 3316 et
600 3258 707 3316 alienos
729 3257 781 3316 hos
803 3275 903 3316 uersus
926 3274 987 3316 esse
1009 3260 1104 3330 negat,
1127 3263 1222 3316 tamen
1242 3255 1373 3315 concedit

210 3357 306 3400 omnes
335 3343 400 3401 illos
427 3346 608 3404 ars-920
635 3359 693 3401 non
722 3344 820 3416 utique
848 3343 1023 3402 necessarios
1045 3358 1107 3400 esse
1129 3359 1182 3401 nec
1203 3341 1370 3401 Lucretium

209 3443 322 3484 cannen
350 3433 553 3488 retractantem
580 3444 628 3486 eos
651 3432 831 3487 seruaturum
853 3427 950 3485 fuisse.
994 3427 1083 3485 nihilo
1106 3428 1194 3486 setius
1216 3425 1370 3498 Forbigeri

208 3513 286 3570 illam
308 3511 529 3587 disputationem
552 3529 663 3573 ornnem
684 3514 797 3572 inanem
820 3513 953 3586 appellat.
998 3513 1146 3571 uideamus
1168 3513 1257 3585 igitur
1278 3511 1369 3584 possi-

207 3614 307 3656 musne
328 3600 503 3672 patrocinari
525 3599 693 3672 Forbigero.

293 3683 420 3742 Primum
441 3683 504 3742 fieri
526 3700 583 3756 non
605 3688 701 3756 potest
723 3683 790 3756 quin
813 3680 990 3740 offendamur
1012 3681 1158 3755 asyndeto.
1199 3681 1369 3740 insecundo

145 3793 169 3854 '.
207 3765 282 3824 libro
309 3769 364 3838 eis,
395 3785 468 3841 0000
490 3768 681 3839 antecedunt,
708 3769 780 3827 haec
800 3770 864 3841 ipsa
885 3769 1026 3826 sententia
1047 3771 1310 3840 praemonstratum
1338 3767 1369 3823 in

206 3851 308 3925 primo,
331 3857 364 3911 ut
385 3860 463 3912 recte
484 3853 558 3912 uidit
571 3854 721 3925 Forbiger,
745 3854 817 3910 nihil
835 3853 973 3916 eiusmodi
989 3852 1141 3912 antecedit.
1186 3853 1253 3911 inde
1268 3852 1368 3910 uidere
1445 3855 1450 3862 “

207 3941 236 3994 01
263 3944 341 3997 00010
372 3939 443 3997 εο100
473 3939 540 3998 11001
567 3939 619 3996 hos
648 3954 749 3996 uersus
776 3938 808 3995 in
835 3939 926 3996 altero
952 3937 1027 3996 libro
1049 3938 1130 4009 prius
1151 3938 1273 4010 scriptos
1295 3953 1367 4004 esse,

207 4037 291 4094 quam
318 4023 349 4080 in
375 4024 481 4096 primo,
510 4025 560 4082 ubi
589 4022 672 4082 facile
694 4057 737 4066 ἡ
757 4028 790 4081 01
817 4025 859 4080 ita
886 4023 977 4082 dicam
1003 4056 1039 4066 -
1063 4029 1192 4082 suturam
1220 4037 1366 4095 agnoscas.

159 4123 164 4128 ·
206 4123 306 4166 uerum
329 4109 498 4181 ubicumque
520 4110 582 4181 ipse
604 4115 689 4181 poeta
709 4125 810 4168 00οεοε
831 4108 941 4183 aliquos
963 4109 1078 4181 repetit,
1101 4108 1131 4166 id
1154 4124 1188 4166 00
1209 4114 1271 4166 arte
1289 4105 1366 4176 facit,

205 4197 238 4250 ut
264 4193 313 4251 uix
341 4192 498 4253 diiudicare
526 4195 632 4266 possis,
661 4194 708 4253 hic
736 4211 773 4252 an
800 4193 860 4253 illic
880 4193 960 4266 prius
981 4192 1089 4251 fuerint
1111 4193 1218 4265 scripti.
1263 4191 1367 4251 deinde

115 4303 118 4308 ·
206 4275 263 4338 alia
291 4283 334 4343 est
360 4277 462 4342 horum
490 4295 625 4338 uersuum
647 4279 722 4338 ratio
742 4280 773 4338 in
795 4280 888 4353 primo
909 4277 999 4351 libro,
1028 4278 1085 4338 alia
1105 4279 1136 4337 in
1158 4277 1293 4338 secundo.
1335 4277 1367 4334 iu
