3034 4832
739 385 891 484 ...⁰3-

229 583 301 666 ubi,
323 604 518 669 quamquam
539 588 625 650 certe
643 605 744 668 penus
765 582 980 665 significatur,
1002 559 1111 648 annon
1133 583 1290 667 temporis
1311 584 1406 650 notio

115 757 117 760 .
228 703 386 787 quaedam
408 703 619 770 admiscetur:

413 833 571 903 angemunt
590 827 665 886 aliae
687 833 797 900 gentes,
820 825 894 886 aliae
917 827 1095 898 minuuntur,
1205 873 1210 882 .

411 932 500 1003 inque
520 929 604 1008 breui
626 929 721 1006 spatio
742 933 891 988 ineuntur
912 931 1010 988 saecla
1031 928 1210 988 animantum

381 1078 383 1082 .
412 1038 442 1091 et
464 1032 546 1104 qnasi
568 1047 701 1090 cursores
722 1031 794 1089 nitai
815 1029 950 1104 lampada
970 1030 1099 1092 tradunt.

227 1179 330 1263 magis
350 1179 392 1245 ad
413 1183 539 1264 tempus
562 1183 709 1264 spectant
731 1177 795 1245 duo
817 1179 871 1244 alii
892 1166 963 1262 loci,
985 1177 1019 1244 in
1041 1179 1158 1262 quibus
1180 1183 1288 1246 umen
1309 1181 1400 1264 prin-

136 1364 140 1370 .
226 1299 338 1383 cipalis
358 1299 410 1365 nis
432 1319 498 1366 non
519 1299 616 1384 plane
636 1298 796 1366 exstincta
817 1303 881 1366 est:

239 1439 283 1498 111
296 1443 382 1528 *62⁷1
410 1436 537 1531 pictores
557 1441 656 1513 itaque
679 1445 709 1497 et
730 1440 902 1512 scriptorum
923 1441 1020 1497 saecla
1041 1438 1140 1510 priora

410 1543 452 1601 sic
472 1537 583 1601 ammes
604 1541 830 1601 introduxerunt
851 1541 983 1600 sensibus
1004 1545 1113 1600 auotaa

239 1693 283 1752 Ill
306 1693 366 1753 965
409 1695 546 1753 materies
567 1709 640 1767 opus
662 1699 715 1765 est,
738 1699 771 1752 ut
792 1699 924 1752 crescant
945 1700 1062 1766 postera
1084 1695 1188 1752 saecla.
1242 1741 1244 1746 .

225 1843 291 1926 qui·
302 1841 390 1916 loeus
413 1840 583 1924 quomodo
599 1841 830 1926 intellegendus
846 1842 889 1907 sit
904 1841 997 1907 docet
1011 1863 1042 1906 u.
1059 1848 1138 1908 963:
1161 1864 1201 1908 ec
1215 1843 1291 1908 cle'e's
1306 1843 1400 1908 aliud

223 1983 376 2044 reperrm
396 1967 560 2029 necessest.
597 1966 642 2040 at„
654 1960 891 2027 ubi'Lucretins
913 1963 1051 2046 primum
1067 1964 1164 2028 seseli
1178 1962 1305 2026 nomine
1322 1981 1396 2044 spa·
1512 1967 1513 1980 ¹

224 2081 306 2145 tium
332 2078 487 2164 temporis
514 2078 677 2164 designat,
692 2059 694 2062 ⁵
708 2080 755 2147 ibi
774 2082 887 2148 uitalis
909 2080 1065 2146 adiectiuo
1088 2080 1197 2145 addito
1220 2102 1301 2164 opus
1326 2103 1396 2146 esse

222 2199 354 2282 censuit,
377 2204 415 2263 nt
436 2204 522 2265 recte
542 2199 796 2284 intellegeretur:
1191 2179 1194 2195 ι

158 2374 162 2382 ·
265 2343 280 2400 l
303 2344 364 2400 202
408 2341 555 2417 multaque
578 2337 703 2412 uiuendo
725 2343 827 2401 uitalia
849 2344 966 2402 uincere
987 2347 1093 2404 saecla.

222 2488 285 2553 duo
313 2492 421 2554 autem
449 2494 581 2554 exstant
605 2490 680 2573 loci,
709 2488 765 2554 ubi
786 2511 920 2576 prorsus
941 2497 979 2557 ut
1000 2486 1195 2577 posteriores
1217 2490 1393 2574 scriptores

222 2605 360 2674 saeclum
382 2607 499 2672 omisso
521 2607 576 2673 illo
598 2607 755 2675 adiectino
778 2611 932 2696 temporis
955 2612 1100 2696 spatinm'
1118 2631 1187 2676 esse
1208 2611 1294 2675 uult:

235 2765 277 2823 ΙΙΙ
300 2767 360 2824 946
404 2766 500 2825 omnia
521 2767 545 2824 si
567 2772 672 2841 pergas
693 2767 820 2828 uiuendo
841 2769 958 2827 ducere
978 2770 1075 2827 saecla

404 2873 491 2942 atque
514 2869 599 2928 etiam
621 2871 727 2943 potins,
749 2871 773 2928 si
795 2887 950 2944 numquam
964 2861 1011 2928 'sis
1032 2873 1198 2932 moriturus.

218 3019 359 3082 1111088
402 3022 523 3093 proinde
546 3024 615 3084 licet
636 3024 752 3098 quotuis
773 3024 900 3084 uiuendo
921 3024 1046 3084 condere
1067 3028 1179 3084 saecla:

403 3139 480 3182 mors
501 3129 621 3185 aeterna
641 3132 737 3186 tamen
759 3126 818 3186 nilo
839 3128 932 3186 minus
953 3126 1002 3185 illa
1024 3127 1160 3187 manebit.

304 3269 440 3338 Restant
466 3280 534 3338 tres
544 3273 587 3360 ³⁶)
616 3274 671 3339 alii
701 3277 777 3356 loci,
806 3275 845 3340 de
872 3275 987 3358 quibus
1016 3276 1162 3359 equidem
1184 3283 1307 3343 centnm
1330 3277 1391 3343 ali·
1508 3321 1509 3330 η

217 3390 294 3474 quid
316 3396 459 3458 statuere
480 3413 543 3458 non
566 3394 676 3460 audeo.
720 3415 833 3460 uersus
854 3395 929 3462 libri
951 3396 982 3461 lI
998 3403 1059 3462 500
1076 3417 1145 3479 sqq.
1168 3397 1201 3460 in
1224 3396 1391 3466 codicibus

217 3511 263 3589 sio
285 3517 361 3578 sunt
382 3512 509 3597 scripti:
743 3506 750 3519 '
1296 3523 1301 3528 '

399 3637 458 3694 iarn
479 3635 534 3696 tibi
555 3635 724 3697 barbaricae
746 3644 843 3699 uestes
865 3640 1066 3714 Meliboeaque
1088 3639 1201 3714 fulgens

399 3725 528 3811 purpura
549 3739 714 3800 Thessalico
736 3741 908 3800 concharum
930 3747 1007 3802 tecta
1028 3743 1125 3802 colore

399 3854 488 3898 annea
507 3856 652 3914 pauonum
674 3842 776 3926 rident
792 3844 903 3905 imbuta
923 3845 1021 3918 lepore
1142 3827 1146 3834 ⁴

400 3940 493 4000 saecla
515 3959 590 4003 noua
612 3960 710 4002 rerum
731 3951 868 4017 superata
889 3946 985 4005 colore
1007 3947 1206 4008 iacerent...

304 4109 346 4186 se)
367 4109 441 4172 Nam
469 4129 583 4174 uersus
599 4114 628 4174 Π
651 4117 747 4186 1169,
778 4115 829 4174 nbi
855 4116 885 4174 in
907 4116 1039 4189 Oblongo
1066 4123 1110 4176 est
1131 4121 1324 4195 saeclumque,
1353 4121 1384 4180 in

114 4213 115 4218 ¹
215 4196 361 4268 Quadrato
382 4199 594 4276 saeculumque,
624 4199 685 4258 sine
708 4200 766 4260 ulla
787 4197 985 4260 controuersia
1007 4209 1086 4262 recte
1109 4203 1277 4262 emendatus
1299 4210 1384 4266 esta

214 4280 404 4352 winnerado,
426 4284 476 4354 qui
496 4284 613 4355 scripsit
633 4287 804 4362 cadensque.
