3028 4830
699 400 741 460 45

150 599 176 658 V
202 600 282 658 1057
328 615 392 656 oum
414 598 540 671 pecudes
561 607 669 673 mutae,
692 617 757 660 cnm
780 600 905 672 denique
927 602 1022 660 saecla
1035 602 1174 673 serarum

326 700 473 759 dissimilis
495 702 607 761 soleant
628 719 715 761 uoces
736 704 892 775 uanosque
913 705 999 762 ciere.

134 847 298 912 nonnullis
320 853 427 913 aulem
448 852 541 931 looiS,
570 849 626 914 ubi
648 871 712 915 non
734 851 884 931 interest,
907 854 944 913 ui
965 849 1129 932 eleganter
1150 849 1309 915 uocabula

137 966 390 1050 distinguantur,
426 970 568 1052 ferarum
600 989 716 1033 nomen
745 953 886 1051 positum
913 967 1053 1031 inueniri
1081 988 1140 1050 per
1167 989 1308 1052 compre·
1362 1020 1366 1027 .

101 1137 102 1140 ,
136 1063 319 1150 hensioirem
341 1088 408 1152 siue
430 1081 620 1174 συνεκδοχὴν
637 1108 697 1170 pro
713 1093 784 1153 toto
799 1087 985 1152 animalium
1001 1087 1051 1150 uel
1066 1085 1309 1169 quadrupedum

135 1224 251 1285 genere
273 1227 338 1270 non
359 1211 408 1270 est
429 1208 516 1290 quod
538 1208 672 1272 unieris,
717 1205 811 1270 huius
833 1205 957 1290 generis
979 1203 1013 1269 hi
1035 1211 1112 1269 eunt
1133 1205 1209 1270 loci:

154 1359 201 1416 111
225 1363 286 1419 774
330 1360 454 1433 denique
477 1363 601 1420 conubia
621 1363 659 1420 ad
680 1362 802 1420 Veneris
824 1368 982 1434 parcusque
996 1366 1136 1434 ferarum
1341 1381 1350 1421 r

328 1479 390 1521 esse
413 1465 524 1522 animes
545 1470 661 1536 praesto
684 1465 875 1548 deridiculum
898 1481 960 1523 3335
983 1466 1107 1524 uidetur.

162 1630 203 1687 IV
227 1631 287 1688 684
485 1646 650 1703 ...eoque
673 1631 760 1689 modo
781 1638 936 1690 seruantur
959 1633 1053 1690 saecla
1066 1632 1215 1704 ferarum.

136 1765 180 1858 lV
206 1803 286 1860 1256
484 1847 490 1859 .
509 1847 515 1860 .
534 1847 540 1860 .
557 1818 637 1860 more
652 1803 801 1874 serarum.

330 1903 606 1976 quadrupedumque
619 1905 720 1975 magis
740 1906 800 1962 ritu
822 1903 995 1977 plerumque
1016 1910 1156 1978 putantur

328 2003 478 2075 concipere
500 2021 613 2062 uxores.

141 2168 187 2232 'sic
207 2168 326 2232 homini
348 2189 474 2250 quoque
497 2169 672 2252 opponitur
692 2167 753 2232 hoc
775 2189 908 2250 nomen,
938 2189 995 2233 nec
1017 2175 1124 2234 tamen
1146 2191 1183 2234 eo
1206 2191 1310 2251 sensu,

140 2293 178 2351 nt
206 2290 306 2354 omnis
336 2290 386 2353 uis
412 2290 535 2354 nitatur
555 2288 590 2351 in
610 2309 661 2369 ec,
691 2288 777 2370 quod
798 2287 884 2352 ferae
906 2288 1042 2352 rationis
1065 2289 1131 2352 sint
1153 2297 1311 2372 expertes²

139 2405 195 2470 sed
218 2405 404 2490 simpliciter
425 2429 482 2491 per
504 2407 831 2491 comprehensionem:

187 2565 202 2622 l
225 2567 288 2623 254
331 2566 399 2624 hinc
420 2567 508 2624 alitur
529 2581 617 2638 porro
640 2569 771 2621 nostrum
794 2527 885 2635 genus
906 2571 994 2635 atque
1008 2564 1158 2636 serarum.

172 2735 201 2793 ll
226 2735 287 2794 598
331 2751 420 2807 quare
442 2751 545 2808 magua
567 2735 651 2792 deum
674 2740 768 2792 mater
790 2740 940 2805 materque
954 2734 1094 2804 serarum

332 2842 362 2893 et
384 2837 476 2894 nostri
499 2837 632 2909 genetrix
654 2835 725 2893 haec
747 2835 825 2892 dicta
847 2838 892 2892 est
913 2834 1042 2905 corporis
1064 2850 1130 2892 una.

142 3003 250 3084 (uersu
273 3001 418 3084 proxime
441 2996 646 3065 antecedente
668 2999 809 3064 ferarum
832 2995 961 3064 mentia
974 2997 1060 3062 facta
1081 2999 1176 3082 erat.)

174 3160 203 3217 ll
227 3162 286 3219 995
487 3160 655 3237 ...(terra
672 3154 768 3234 parit)
790 3173 880 3229 genus
902 3156 1070 3227 humanum,
1092 3157 1168 3228 parit
1190 3157 1287 3214 omnia

812 3284 814 3288 ¹
837 3259 932 3318 saecla
957 3257 1154 3332 ferarcm32).

156 3481 159 3487 Δ
333 3431 395 3473 5333
417 3415 491 3475 alios
512 3415 577 3474 aliis
598 3421 743 3474 terrarum
765 3414 794 3470 in
815 3412 948 3485 partibus
970 3413 1048 3471 orbis

152 3518 180 3575 ll
208 3519 287 3576 1076
332 3521 361 3574 et
383 3517 480 3575 uarias
501 3517 650 3574 hominum
673 3517 770 3592 gentis
792 3521 822 3573 et
843 3513 937 3572 saecla
950 3513 1099 3584 ferorum.
1127 3599 1131 3606 Ι

232 3769 272 3842 ³2)
294 3770 363 3828 Sine
376 3770 432 3829 hoc
446 3788 533 3830 uersu
546 3771 753 3844 Empedoclem
769 3769 842 3844 (115
859 3766 950 3826 Stein.
966 3791 1011 3818 =
1029 3771 1086 3825 141
1104 3767 1203 3826 Krsln.
1216 3789 1260 3818 =
1274 3768 1314 3825 96

142 3855 233 3912 Stra:
257 3857 371 3926 γίγνοιτ’
392 3857 541 3931 ἄνθρωποί
561 3875 588 3912 τε
607 3862 651 3910 καὶ
671 3854 761 3913 ἄλλων
779 3859 862 3913 ἔθνεα
881 3858 985 3929 θηρῶν)
1002 3853 1132 3910 imitatus
1147 3858 1190 3911 est
1206 3852 1314 3911 Lucre·

141 3941 217 4011 tina,
248 3945 280 3997 ut
302 3940 448 3999 Hallierus
470 3941 596 4000 affirmat
619 3940 759 4013 (Lucretii
783 3955 870 3998 carm.
894 3954 919 3994 e.
942 3938 1045 4012 fragm.
1068 3936 1191 4010 Emped.
1214 3936 1326 3994 adum-2

143 4025 228 4082 brata
255 4041 283 4096 p.
310 4027 359 4096 13)
393 4028 455 4085 siue
478 4027 647 4098 Euripidem
677 4023 846 4100 (Chrysippi
865 4021 968 4095 fragm.
992 4025 1053 4081 896
1075 4022 1204 4080 Nauck:
1232 4029 1316 4078 rema

144 4110 265 4170 θναιούς
275 4155 281 4166 .
292 4154 299 4166 .
310 4155 316 4165 .
329 4111 406 4182 φῦλά
424 4133 451 4167 τε
469 4113 584 4183 θηρῶν),
602 4114 635 4165 ut
648 4109 822 4167 Reisackero
834 4108 949 4167 uidetur
963 4109 1091 4183 [Quaest.
1105 4107 1191 4165 Lucr.
1205 4123 1234 4178 p.
1247 4106 1314 4178 45):

144 4197 200 4254 hoo
227 4202 338 4254 certum
359 4201 403 4254 est
416 4196 556 4268 ferarum
579 4193 720 4251 uocabulo
743 4193 886 4251 Graecum
909 4199 993 4270 θῆρες
1010 4193 1232 4264 interpretatum
1253 4206 1317 4248 3335

141 4281 320 4340 Lucretium.
347 4320 350 4326 -
