3028 4830
737 368 890 463 22...

274 561 277 570 ⁴
312 568 421 636 Etiam
461 567 646 634 lacessendi,
674 566 775 632 uerbo
813 564 861 628 ita
899 562 1005 628 utitur
1043 558 1226 639 Lucretius,
1256 561 1306 622 ’51
1344 556 1396 620 uix

228 688 339 772 negari
372 686 490 772 possit,
526 684 560 749 id
588 686 723 751 uerbum
751 683 832 748 artis
859 680 1009 747 uocabuli
1034 679 1101 743 uim
1127 676 1256 741 habere.
1306 673 1399 738 semel

229 808 314 872 enim
335 804 558 870 tantummodo
581 803 620 868 de
641 802 827 887 primordiis
841 804 1026 883 usurpatur,
1050 818 1132 879 quae
1147 795 1212 860 alia
1226 793 1399 878 primordia
1423 876 1425 880 Ι

231 926 316 990 cient
342 930 376 989 et
402 897 573 1006 impellunt
603 922 648 1004 (II
677 922 760 1005 137).
806 924 973 1003 praeterea
1000 921 1098 1000 poeta
1125 913 1316 995 ubicumque
1341 912 1399 976 hoc

229 1042 328 1110 uerbo
350 1041 466 1124 utitur,
489 1062 602 1106 sensus
622 1039 675 1105 uel
697 1041 840 1104 animum
861 1038 975 1102 lacessi
996 1033 1073 1098 dicit
1095 1032 1274 1097 simulacris
1295 1052 1399 1096 rerum

230 1162 282 1227 uel
304 1161 401 1226 odore
421 1160 473 1224 uel
494 1158 636 1240 uocibus,
659 1159 706 1222 ita
727 1163 765 1222 ut
788 1157 850 1221 hoc
870 1153 1029 1221 uocabulo
1050 1151 1173 1236 primus
1189 1172 1338 1216 sensuum
1352 1149 1401 1214 uel

231 1278 331 1344 animi
359 1276 491 1343 affectus
520 1276 718 1362 significetur
747 1277 799 1360 (de
829 1295 893 1358 qua
918 1294 953 1337 re
981 1271 1090 1336 Cicero
1117 1272 1247 1374 pellere,
1269 1270 1401 1352 pulsare

231 1397 310 1462 dicit
332 1397 370 1462 de
392 1398 421 1464 d.
437 1418 467 1462 5.
491 1395 506 1458 Ι
529 1400 580 1477 38,
605 1400 665 1464 106
679 1367 753 1479 55),
777 1415 836 1458 555
856 1392 1020 1457 1555111151
1042 1391 1105 1455 5151
1127 1390 1161 1454 15
1183 1377 1299 1472 quarto
1321 1386 1401 1451 libro

233 1516 322 1598 (nam
336 1536 368 1578 u.
384 1514 429 1579 VI
444 1519 506 1581 923
521 1535 538 1578 5
553 1513 597 1580 IV
613 1520 675 1579 215
696 1513 852 1596 repetitus
874 1511 946 1595 551),
968 1511 1024 1576 ubi
1039 1510 1078 1574 de
1093 1507 1237 1575 sensibus
1252 1512 1285 1572 51
1299 1527 1402 1571 rerum

233 1633 414 1699 simulacris
442 1632 592 1716 exponit3
621 1633 656 1696 in
682 1633 788 1716 primo
816 1635 923 1695 autem
947 1629 1043 1694 semel
1066 1628 1155 1712 (303)
1178 1625 1288 1692 eodem
1311 1625 1402 1708 signi-

234 1751 332 1818 ficatu
355 1751 433 1816 dicit
454 1751 612 1832 impellere
635 1772 757 1832 555555,
781 1749 902 1815 55111551
923 1748 999 1832 quia
1021 1754 1090 1812 tum
1112 1748 1192 1812 artis
1213 1744 1403 1811 uocabulum

235 1871 378 1935 nondum
400 1870 549 1934 finxerat.
592 1869 671 1933 item
692 1869 790 1934 semel
806 1867 840 1932 in
855 1873 972 1951 quarto
989 1868 1146 1950 impellere
1161 1886 1274 1932 555555
1289 1863 1405 1947 legitur

236 1990 336 2073 (525),
360 1988 415 2070 qui
436 1992 544 2051 tamen
566 2007 679 2051 uersus
701 2008 718 2051 5
740 1986 844 2082 primo
866 1987 950 2052 libro
972 1985 1084 2068 paucis
1106 1985 1239 2048 mutatis
1254 1985 1406 2067 repetitus

235 2112 293 2172 est.
340 2111 453 2170 contra
484 2107 638 2171 breessere
666 2105 746 2170 artis
772 2104 922 2173 uocabuli
944 2108 1139 2188 potestatem
1160 2102 1259 2190 habet
1280 2101 1324 2165 IV
1347 2107 1407 2166 215

236 2228 294 2310 (=
308 2225 353 2289 VI
375 2225 462 2307 923).
500 2229 572 2290 345.
603 2228 675 2290 595.
704 2228 776 2290 685.
805 2228 877 2290 689.
908 2229 980 2289 727.
1010 2228 1080 2300 729.
1111 2228 1183 2288 751.
1208 2226 1284 2302 756,
1312 2225 1409 2302 atque

235 2344 334 2408 otiam
359 2347 440 2410 1032
463 2340 505 2406 ad
527 2343 639 2407 sensus
660 2341 807 2428 respicit:
1184 2344 1186 2350 ’
1433 2345 1437 2355 1

390 2495 703 2572 551115115151111155)
725 2496 818 2569 nobie,
841 2497 919 2570 qnod
941 2496 1065 2555 diximus
1086 2503 1163 2570 5515,

392 2615 498 2669 555155,
521 2599 621 2656 adulta
643 2603 723 2656 55155
745 2616 809 2657 oum
831 2599 954 2671 primum
975 2599 1095 2657 roborat
1116 2603 1207 2659 artus.

389 2715 515 2774 namque
537 2701 608 2758 51155
631 2700 710 2758 511511
732 2717 779 2759 155
802 2706 963 2760 commouet
984 2706 1070 2773 atque
1092 2702 1216 2759 lacessit:

393 2819 431 2862 ex
453 2803 567 2861 homine
589 2803 745 2861 humanum
767 2818 864 2868 semen
886 2803 943 2862 ciet
964 2820 1022 2860 555
1043 2803 1166 2861 hominis
1187 2803 1241 2862 515.

239 2973 315 3017 5551
337 2951 431 3031 15115,
454 2952 566 3034 quain
581 2949 761 3034 generando
778 2971 889 3014 sensus
904 2949 1054 3032 afficitur,
1078 2971 1114 3015 eo
1130 2950 1237 3017 differt
1252 2973 1272 3015 a
1288 2949 1414 3030 5515115,

240 3069 326 3153 quod
352 3089 422 3150 res,
451 3089 533 3151 quae
561 3068 751 3152 percipitur,
782 3089 847 3132 non
869 3073 917 3133 est
939 3073 1032 3162 extra
1052 3070 1213 3135 hominem
1235 3068 1290 3134 sed
1312 3069 1414 3132 intus

240 3227 283 3238 -
304 3186 400 3270 Apud
421 3185 596 3270 Epicurum
625 3186 705 3251 artis
732 3187 925 3252 uocabulum
951 3188 1046 3254 huius
1074 3188 1245 3271 potestatis
1272 3208 1337 3251 non
1364 3186 1417 3248 in-

241 3306 325 3372 ueni.
370 3324 442 3369 cum
469 3308 577 3368 551515
598 3326 614 3369 5
637 3308 730 3369 151115
752 3307 845 3390 copia
866 3307 1032 3389 librorum,
1054 3328 1135 3390 quos
1157 3307 1317 3390 Epicurus
1339 3291 1416 3372 con·

241 3425 387 3509 scripsit,
415 3429 484 3488 tam
512 3444 623 3506 pauca·
644 3429 783 3488 aetatem
809 3425 957 3507 tulerint,
996 3426 1183 3510 plerumque
1210 3425 1339 3490 difficile
1366 3431 1420 3489 551

242 3565 359 3628 negare
389 3565 460 3608 eum
483 3543 563 3607 51115
585 3544 751 3610 uocabulis
773 3565 867 3608 usum
888 3565 965 3609 5555.
1010 3544 1071 3609 1155
1093 3544 1226 3627 addam,
1256 3541 1420 3628 quasdam

123 3687 129 3700 ¹
241 3683 294 3727 155
329 3662 370 3728 ab
400 3661 540 3744 Epicuro
572 3661 676 3742 obiter
709 3663 932 3728 tantummodo
966 3665 1072 3748 tangi,
1105 3683 1188 3756 quae
1219 3686 1239 3728 a
1266 3663 1421 3729 Lucretio

245 3818 447 3830 ..nun—nm

321 3902 356 3978 1⁵)
385 3904 448 3962 Hoc
480 3903 654 3978 uocabulum
689 3903 770 3962 deest
802 3904 833 3961 in
865 3904 1020 3964 codicibus.
1071 3905 1273 3964 Lachmannus
1301 3905 1428 3978 scripsit

244 3989 270 4048 E
285 3988 374 4060 55515,
397 3989 573 4060 Bernaysius
593 3989 632 4047 in.
670 3988 699 4047 in
715 3994 760 4046 est
774 3989 861 4047 etiam
875 3991 906 4047 in
921 3991 984 4048 cod.
1001 3991 1138 4050 Laurent.
1156 3991 1228 4063 plut.
1244 3991 1359 4050 XXXV
1376 3994 1421 4049 31

243 4079 317 4132 15515
340 4075 460 4147 lingone
483 4073 626 4132 Munrone
649 4075 799 4145 Britanno,
824 4075 873 4146 qui
894 4075 1062 4134 Lucretium
1085 4076 1176 4134 edidit
1196 4075 1364 4148 cantabrig.
1392 4093 1426 4134 a.

245 4163 326 4220 1860
339 4157 396 4235 (ed.
408 4158 459 4216 alt.
472 4159 573 4232 1864),
586 4163 625 4229 51,
638 4160 695 4217 nisi
706 4157 799 4228 fallor,
810 4159 840 4216 in
851 4158 983 4217 omnibus
995 4161 1098 4219 ceteris
1109 4160 1284 4220 editionibus
1295 4165 1428 4218 5551515

243 4245 400 4318 1155515115,
428 4261 485 4317 quo
507 4244 658 4317 probabile
680 4243 714 4304 fit
734 4259 832 4302 omnes
854 4244 967 4303 codices
988 4245 1103 4306 Italicos
1124 4245 1155 4304 in
1176 4244 1294 4305 habere.
