3028 4830
732 373 883 468 *aa

228 594 292 638 non
318 571 453 657 amplius
486 569 583 636 semel
612 576 716 638 exstet
743 571 771 636 V
794 577 865 654 820,
894 591 931 636 ao
958 591 998 636 ne
1021 569 1082 636 hoo
1110 571 1235 654 quidem
1264 571 1333 636 loeo
1353 572 1390 634 in

226 691 386 758 codicibus
407 691 598 774 inueniatur,
621 691 676 774 qui
697 693 805 758 ouium
825 690 992 775 praebent,
1015 690 1054 756 de
1068 711 1133 775 qua
1147 712 1182 756 re
1197 661 1295 774 supra
1312 689 1392 754 dixi.

228 811 343 876 Munro
370 811 403 874 in
430 809 629 894 praefatione
657 810 736 876 haeo
763 811 853 876 dieit':
890 809 988 874 ‘Nam
1014 811 1049 874 in
1078 811 1231 895 singulari
1257 830 1391 875 numero

170 1019 173 1024 Ι
227 931 330 995 utitur
360 931 523 995 Lueretius
557 928 714 994 adieotiuo
746 931 910 1010 dalmalia,
948 930 1151 995 substantiuo
1180 930 1299 997 domat
1324 909 1411 992 non¹

207 1051 350 1115 'utitur’
394 1071 476 1132 quae
496 1047 606 1150 uerba,
630 1049 657 1114 si
679 1054 763 1114 reete
785 1049 943 1133 intellego,
966 1050 1013 1114 ita
1034 1048 1216 1132 accipienda
1230 1047 1413 1128 uidentur„

227 1176 264 1235 ut
286 1167 450 1234 Lueretius
477 1168 632 1252 singulari
658 1189 788 1233 numero
816 1168 963 1234 adieetiui
990 1168 1039 1234 uti
1060 1168 1199 1250 dicatur,
1226 1187 1291 1232 non
1312 1167 1389 1230 item

228 1287 437 1370 substantiui3
461 1288 557 1352 aliam
579 1289 663 1352 enim
684 1310 822 1372 oausam,
844 1311 900 1355 our
922 1288 1069 1353 adiectiui
1084 1287 1209 1352 ,mentio
1232 1282 1317 1351 faeta
1338 1286 1390 1364 sit,

113 1409 115 1422 '
228 1430 292 1473 non
326 1407 428 1472 uideo,
454 1445 496 1454 —-
522 1407 639 1473 Faoere
667 1413 775 1472 tamen
806 1429 870 1472 non
898 1429 1029 1491 possum
1057 1407 1135 1489 quin
1162 1405 1256 1472 ualde
1283 1405 1388 1486 mirer,
1490 1471 1491 1502 ἦ

229 1526 314 1610 quod
334 1548 393 1591 nec
412 1525 579 1591 Goebelius
602 1548 659 1592 neo
673 1527 789 1590 Munro
810 1526 849 1591 de
871 1548 967 1592 uersu
988 1527 1093 1594 V820
1116 1526 1286 1608 quiequam
1307 1545 1392 1589 oom-

228 1645 490 1723 memoraue'rint,
523 1644 578 1709 ubi
608 1645 725 1728 legitur
753 1646 820 1710 sine
846 1647 1064 1712 controuersia
1091 1648 1211 1713 oabaal
1238 1643 1391 1728 singulari
1490 1631 1491 1678 Ὗ

229 1787 360 1834 numero
388 1773 490 1848 neque
517 1765 611 1832 aliter
636 1765 670 1829 in
697 1765 797 1849 ipsius
820 1765 986 1830 Munronis
1015 1763 1166 1846 editione,
1195 1765 1250 1851 qui
1271 1769 1308 1828 ut
1330 1755 1391 1827 sibi

229 1892 401 1966 constaret,
424 1883 542 1950 Orellio
565 1890 694 1950 auctore
716 1887 861 1952 nameus
883 1884 1020 1950 seribere
1037 1883 1180 1951 debebat.
1217 1906 1294 1947 num
1308 1881 1392 1947 forte

229 2007 287 2072 hoo
316 2003 505 2070 adieetiuum
532 2008 627 2089 putat
655 2025 737 2086 esse,
770 2010 807 2069 ut
834 2005 876 2070 sit
902 2005 984 2072 idem
1001 2005 1097 2092 'quod
1124 2005 1262 2070 dutmala
1289 2009 1321 2067 et
1350 2001 1392 2066 ad

116 2189 120 2200 ,
227 2147 326 2210 gebus
347 2123 527 2190 referatur?
571 2123 609 2188 de
634 2143 698 2206 qua
718 2145 754 2188 re
768 2123 906 2191 fortasse
921 2124 1048 2190 disserit
1063 2123 1096 2186 in
1111 2124 1230 2188 maiore
1244 2121 1391 2200 editione,

230 2268 311 2330 quae
332 2245 453 2331 prodiit
474 2265 503 2309 a.
529 2248 620 2324 1864,
642 2244 729 2307 ouius
752 2244 876 2327 copiam
890 2243 968 2308 mihi
981 2263 1046 2308 non
1060 2263 1129 2308 esse
1143 2241 1243 2306 doleo.
1282 2239 1390 2322 utique

230 2365 476 2448 exspectandum
499 2369 548 2427 est
568 2344 645 2425 dua
665 2361 793 2442 discam,
817 2360 893 2444 quid
913 2361 1012 2426 illide
1027 2383 1063 2426 eo
1078 2362 1117 2426 de
1131 2381 1194 2444 quo
1209 2359 1387 2442 quaerimus

229 2504 325 2551 uersu
353 2482 504 2547 sentiant.
546 2479 675 2544 interim
703 2479 834 2546 tentabo
861 2479 1013 2564 probare,
1041 2503 1072 2544 u.
1096 2485 1156 2547 738
1184 2479 1292 2569 quarti
1318 2476 1383 2542 libri

231 2603 380 2668 abbatis
401 2605 486 2666 recte
509 2597 612 2663 scribi.
657 2599 764 2682 agitur
785 2599 824 2664 de
846 2597 1021 2682 Centauro,
1044 2600 1064 2664 i.
1088 2621 1114 2664 e.
1137 2599 1175 2663 de
1197 2597 1325 2662 animali
1348 2596 1387 2659 ab

230 2719 430 2812 hominibus,
443 2738 508 2783 non
530 2739 551 2782 a
571 2724 688 2782 natura
708 2718 822 2786 effioto.
867 2719 957 2806 (nam
971 2740 1052 2804 quae
1066 2719 1178 2785 statim
1192 2716 1282 2781 addit
1295 2717 1388 2800 polita

231 2863 262 2905 u.
286 2845 347 2906 739
369 2861 427 2922 sq,
455 2860 493 2904 ea
520 2838 580 2904 hoo
608 2837 677 2902 looo
705 2839 851 2904 omittere
879 2824 980 2924 lieet.)
1020 2837 1130 2923 paucis
1149 2836 1296 2901 uersibus
1316 2837 1389 2897 ante

230 2959 268 3024 de
291 2957 398 3042 Scylla
418 2963 450 3023 et
472 2955 609 3023 Cerbero
631 2957 750 3022 dietum
771 2964 850 3022 erat.
895 2958 968 3022 inde
989 2979 1009 3023 a
1029 2978 1060 3022 u.
1083 2962 1143 3024 700
1166 2956 1242 3022 libri
1264 2951 1390 3020 secundi

231 3081 329 3160 potita
350 3075 442 3140 docet
463 3081 609 3140 monstra
631 3083 780 3141 naturam
802 3097 915 3160 parere
936 3098 1001 3184 non
1023 3097 1126 3160 posse,
1149 3096 1212 3139 non
1234 3093 1328 3156 posse

302 3219 362 3276 702
407 3213 553 3274 semiferas
574 3214 718 3274 hominum
741 3217 850 3291 speeies
871 3219 1005 3290 existere,
1028 3222 1058 3277 et
1078 3217 1152 3276 altos
1201 3203 1204 3208 ¹

406 3317 551 3377 interdum
571 3334 666 3376 ramos
688 3319 784 3393 egigni
805 3336 926 3392 corpore
949 3321 1025 3391 uiua
1121 3340 1123 3344 ·

406 3419 553 3492 multaque
574 3420 686 3478 ooneoti
706 3421 856 3480 terrestria
876 3422 1007 3481 membra
1026 3420 1153 3496 marinis,

406 3528 467 3581 tum
488 3520 630 3580 flammam
651 3527 744 3583 taetro
767 3523 902 3597 spirantis
924 3540 974 3582 ore
996 3523 1162 3584 Chimaeras

406 3640 523 3696 pascere
545 3629 675 3682 naturam
697 3643 749 3699 per
770 3632 863 3684 terras
886 3626 1100 3698 omniparentis.

232 3754 320 3820 cuius
340 3753 387 3819 rei
408 3755 511 3820 causis
533 3755 687 3841 expositis
709 3756 755 3821 sio
776 3755 914 3840 pergit:'
985 3841 988 3851 Ι

252 3896 281 3954 Π
303 3897 363 3957 718
407 3895 514 3956 sedne
536 3895 611 3956 forte
632 3901 716 3970 putes
738 3896 876 3955 animalia
898 3897 958 3956 sola
978 3897 1071 3957 teneri

406 3996 517 4072 legibus
538 3999 624 4072 hisee,
647 3998 748 4058 eadem
768 4001 844 4060 ratio
865 4016 912 4058 res
933 4001 1067 4058 terminat
1089 3999 1239 4072 omnis22).

232 4115 433 4125 ————-

320 4187 360 4260 22)
382 4183 514 4245 Godioes:
545 4185 650 4264 legibue
676 4185 719 4244 bio
746 4187 866 4264 quedam
895 4183 1013 4260 (Quadr.
1036 4181 1165 4265 quidum)
1190 4186 1265 4245 ratio
1293 4186 1393 4245 dear-

232 4270 321 4330 minat
333 4271 431 4332 aaa.
461 4270 661 4331 Laohmannus
672 4271 826 4331 Marullum
837 4275 964 4330 sedatus:
979 4273 1119 4354 quaedum
1133 4271 1207 4330 ratio
1218 4271 1394 4331 dbterminut
1490 4349 1491 4364 χ
