3028 4830
214 675 220 687 ,
304 585 360 666 Bis
381 601 517 685 denique
538 587 656 685 legitur
678 601 765 708 apud
786 601 968 665 Lucretium
989 621 1086 683 pecus
1109 601 1262 684 (ρεσοὴῗε)
1285 603 1393 668 neutri

220 721 345 806 generis
367 721 504 806 (κτῆνος,
525 713 686 806 βόσκημα,
708 721 810 796 viem:

234 879 262 939 V
286 881 369 938 1108
412 885 442 938 et
458 897 548 956 pecta
570 884 657 952 atque
680 893 766 952 agros
787 863 914 936 diuisere
935 881 1048 958 (repca).

232 1032 261 1092 V
286 1035 367 1094 1289
411 1039 441 1093 et
457 1053 548 1110 pecus
569 1038 657 1132 atque
678 1047 763 1106 agros
785 1031 961 1092 adimebant.

217 1197 251 1260 id
271 1196 405 1281 propius
426 1197 524 1262 etiam
546 1195 666 1264 accedit
689 1197 731 1262 a'd
748 1199 901 1282 pecuniae
922 1196 1070 1268 uocabuli
1087 1199 1153 1263 uim
1169 1197 1392 1284 significatque

216 1315 367 1400 pecudes,
401 1316 517 1399 quibus
552 1317 697 1384 homines
729 1321 881 1399 utuntur,
915 1322 1062 1383 armenta
1093 1319 1236 1385 iumenta
1268 1340 1389 1403 greges,

216 1437 346 1502 omnino
367 1444 536 1503 mansueta
558 1436 720 1502 animalia.
743 1475 786 1483 -

302 1555 385 1622 Sunt
406 1561 514 1621 autem
535 1556 622 1639 apud
642 1557 824 1621 Lucretium
847 1557 1018 1639 uocabula,
1040 1577 1128 1640 quae
1148 1558 1287 1622 maxime
1309 1534 1389 1622 artis

216 1675 382 1760 uocabub
400 1695 469 1741 esse
495 1674 679 1757 uideantur,
712 1675 768 1740 sed
788 1680 896 1742 tamen
918 1677 1000 1741 inita
1023 1676 1243 1760 subductaque
1265 1678 1389 1742 ratione

215 1796 277 1862 hac
307 1795 410 1880 specie
443 1793 621 1878 priuentur.
673 1794 784 1860 crebro
818 1796 945 1882 quidem
979 1817 1040 1860 usu
1073 1796 1206 1862 aliamue
1242 1798 1389 1864 uocabuli

193 1915 375 1982 .neminem
407 1913 572 1978 inductum
605 1913 647 1978 iri
676 1935 785 1999 spero,
822 1936 1018 2000 quamquam
1046 1914 1148 1980 facilis
1177 1921 1210 1980 et
1237 1917 1388 1999 procliuis

215 2055 306 2101 error
330 2039 395 2117 est,
422 2019 494 2100 cum
522 2031 602 2099 talia
629 2032 787 2100 uocabula
814 2034 1027 2100 usitatissima
1049 2035 1207 2119 singulari
1227 2041 1388 2119 potestate

215 2175 402 2240 semperque
427 2153 538 2222 eadem
564 2160 723 2239 usurpata
749 2155 906 2250 uidemus.
956 2175 1056 2236 quare
1082 2155 1192 2238 paucis
1219 2176 1384 2239 exponam,

101 2268 107 2278 ’
213 2277 292 2360 quid
308 2263 504 2358 requiratur,
526 2281 564 2339 ut
579 2275 660 2340 artis
675 2274 866 2342 uocabulum
880 2273 1016 2339 oriatur.
1051 2295 1090 2338 ac
1104 2275 1244 2358 primum
1258 2275 1384 2358 quidem

213 2393 394 2477 frequentia
415 2392 534 2456 nullius
556 2397 605 2458 est
627 2394 794 2476 momenti3
818 2415 893 2458 nam
916 2395 996 2458 artis
1018 2366 1228 2459 uocabulaet
1249 2399 1385 2480 possunt

211 2533 281 2578 esse
308 2519 340 2578 et
369 2519 446 2598 suut
473 2511 523 2577 uel
547 2513 639 2596 apud
661 2512 843 2578 Lucretium
871 2512 922 2578 uel
950 2513 1037 2598 apud
1059 2513 1155 2595 alios,v
1186 2533 1269 2596 quae
1286 2513 1386 2580 semel

210 2631 372 2716 leguntur.
405 2631 495 2698 cuius
510 2632 636 2716 generis
651 2631 739 2716 apud
751 2631 933 2698 Lucretium
948 2640 997 2700 est
1012 2639 1125 2699 notum
1139 2628 1219 2696 illud
1233 2633 1384 2699 cttaoawa

204 2754 453 2836 pacatorum,
481 2751 567 2836 quod
594 2751 683 2816 nullo
711 2751 775 2816 alio
802 2751 872 2818 loco
900 2750 1035 2838 legimus
1062 2752 1125 2816 nisi
1152 2751 1268 2819 11292
1295 2750 1383 2838 (Epi-

210 2893 305 2938 curus
332 2871 451 2938 dixisse
477 2873 605 2940 uidetur
633 2871 861 2960 nope'yatww:
898 2871 989 2938 Stob.
1016 2873 1082 2940 eall.
1106 2874 1201 2966 phys.
1228 2872 1322 2954 119,
1353 2877 1379 2949 1,

209 2991 318 3058 Cicero
349 2995 387 3072 de
414 2996 489 3077 stau.
513 2993 587 3076 16,
621 2997 659 3058 19
690 2992 925 3076 interpretatur
946 2992 1206 3076 declinationem).
1251 2998 1300 3057 est
1321 2990 1381 3054 hoo

208 3112 290 3176 artis
312 3108 521 3191 uocabulum,
551 3110 627 3192 quia
648 3117 825 3194 usurpatur
847 3111 885 3177 de
906 3132 942 3175 re
963 3110 1185 3212 philosophiae
1205 3110 1381 3194 Epicureae
1500 3207 1501 3214 ἵ

207 3229 356 3314 propria,
383 3247 483 3312 eaque
510 3248 561 3292 res
589 3234 664 3294 ante
691 3229 865 3314 Epicurum
892 3230 926 3293 in
953 3227 1091 3311 Graeca,
1120 3234 1195 3294 ante
1218 3229 1380 3296 Romanos

207 3348 339 3432 Epicuri
359 3347 552 3429 interpretes
573 3347 607 3410 in
624 3347 740 3413 Latina
761 3349 872 3433 lingua
892 3347 1038 3417 inaudita
1060 3354 1140 3430 erat,
1163 3352 1200 3412 ut
1215 3348 1381 3416 Lucretius

206 3466 266 3533 hoc
301 3465 492 3534 uocabulum
526 3465 656 3532 finxisse
687 3467 844 3534 uideatur.
905 3476 940 3533 at
973 3487 1012 3530 ne
1043 3467 1220 3532 nouitatem
1253 3468 1380 3552 quidem

207 3586 418 3652 necessariam
451 3607 520 3652 esse
550 3607 650 3670 supra
676 3586 829 3668 uidimus,
864 3586 1011 3669 quamuis
1040 3607 1158 3652 nouam
1185 3609 1254 3652 rem
1280 3587 1379 3674 aptis-

208 3705 287 3770 sime
306 3726 392 3770 nouo
414 3704 570 3770 uocabulo
592 3705 766 3788 significari
787 3704 943 3775 dixerim>
975 3705 1014 3771 de
1033 3725 1099 3788 qua
1113 3727 1147 3770 re
1161 3714 1247 3772 recte
1261 3707 1381 3774 iudicat

205 3821 379 3890 Reinoldus
408 3823 566 3890 Schubert
595 3823 654 3908 (De
682 3824 821 3888 Lucretii
847 3823 1020 3890 uerborum
1042 3823 1250 3903 formatione,
1276 3827 1379 3891 Halae
1499 3842 1500 3886 1

207 3949 305 4026 1865,
332 3964 364 4027 p.
389 3943 458 4025 21),
486 3943 542 4026 qui
570 3941 612 4007 ad
634 3950 759 4009 coactas
781 3941 1020 4008 substantiuum
1044 3942 1185 4027 (11273)
1209 3945 1376 4011 adscribit:
1499 3924 1500 3980 i

203 4062 359 4164 ‘Verbum
388 4065 505 4130 coactio
533 4062 575 4128 ob
597 4062 630 4126 id
651 4063 796 4130 reiecisse
818 4062 960 4144 uidetur,
990 4063 1066 4146 quia
1086 4070 1173 4128 certo
1197 4084 1293 4130 sensu
1314 4065 1379 4128 iam

202 4183 361 4268 exstabat,
384 4187 422 4248 ut
444 4203 543 4267 supra
564 4182 705 4247 uidimus
722 4180 844 4265 potitos
865 4201 938 4247 eum
959 4181 1152 4266 praetulisse
1173 4182 1246 4248 uoci
1254 4184 1375 4267 petitio,

201 4303 320 4388 quippe
341 4301 431 4369 cuius
453 4299 597 4384 uulgaris
618 4301 708 4366 notio
730 4301 796 4364 iam
818 4321 837 4364 a
855 4301 988 4384 propria
1005 4300 1238 4385 significatione
1251 4300 1379 4384 petenda·

1274 4445 1290 4486 e
