3034 4832
633 425 636 432 ’
761 441 914 533 „⁶⁶-

251 642 385 706 seruatt.
407 637 502 720 Lucr'.
532 659 564 721 p.
588 642 608 703 6
631 642 715 722 sqq.)
761 659 920 711 summam
940 643 1048 703 autem
1071 635 1258 722 oadcuiirsui
1280 658 1425 723 compre

249 757 361 826 hendit
391 779 424 842 p.
454 761 472 824 3
498 756 700 832 hissnerbis:
736 757 788 823 ‘Id
821 757 985 842 exemplar
1017 762 1196 837 ceterorum
1223 757 1425 843 archetypon
1475 753 1478 760 ’

250 877 398 964 constitit
419 876 545 961 paginis
569 875 693 959 econ,
722 897 859 960 quarum
881 899 945 942 non
967 882 1096 943 tantum
1117 877 1276 961 primast
1297 877 1424 960 ultima,

249 973 307 1064 sed
327 1003 495 1082 praeterea
517 996 691 1062 centesima
712 996 930 1081 nonagesima,
953 1017 1036 1079 quae
1056 1001 1127 1062 erat
1146 1004 1221 1081 post
1235 998 1332 1064 finem
1345 998 1425 1066 libri

250 1118 368 1200 quarti,
392 1115 593 1199 conscriptae
615 1137 680 1182 non
695 1115 847 1182 ¹fuerunt:
870 1119 947 1181 item
968 1138 1034 1182 una
1050 1117 1085 1179 in
1094 1116 1182 1182 Iibro
1196 1119 1301 1202 primo
1316 1139 1424 1197 uacua

246 1235 309 1302 init
337 1235 462 1301 relicta:
491 1235 526 1298 in
555 1235 687 1318 reliquis
715 1235 845 1301 dierunt
873 1257 986 1301 uersus
1015 1236 1122 1320 uigeni
1144 1237 1227 1314 seni,
1250 1237 1284 1300 in
1305 1237 1423 1303 ultima

246 1355 323 1423 libri
359 1354 512 1452 cuiusque
547 1354 734 1438 pauciores’
788 1355 853 1420 iam
886 1355 914 1420 si
947 1355 1032 1430 huuc
1064 1354 1222 1430 calcidum
1259 1357 1421 1422 examina-

246 1475 387 1541 uerimus
408 1478 505 1556 atque
527 1473 643 1555 omnia,
667 1493 748 1556 quae
769 1472 992 1538 Lachmannus
1010 1473 1135 1555 statuit,
1158 1473 1421 1558 concesserim,

247 1593 445 1660 inueniemus
473 1591 580 1656 omnia
608 1598 683 1656 rata
712 1612 781 1657 esse
809 1601 842 1658 et
869 1592 1092 1660 conuenientia
1113 1598 1242 1676 praeter
1263 1594 1297 1659 id
1317 1615 1419 1658 unum

246 1713 333 1797 qnod
366 1713 452 1777 dixit-
476 1711 627 1794 paginam
654 1711 802 1777 ultimam
830 1732 895 1775 non
926 1711 1023 1776 fuisse
1050 1713 1276 1796 conscriptam.
1327 1712 1418 1798 (narn

246 1832 332 1916 quod
359 1853 391 1916 p.
415 1839 434 1897 7
463 1838 495 1896 et
517 1811 579 1897 233
598 1831 827 1897 'commentarii
855 1831 905 1896 sui
926 1832 1006 1914 dicit
1029 1826 1163 1897 schedae
1184 1831 1417 1916 duodeseptua-

246 1950 392 2036 gesimae
405 1949 540 2036 paginas
563 1950 708 2016 inuersas
729 1970 806 2032 esse,
829 1971 902 2016 cum
923 1950 983 2014 hoc
997 1950 1105 2034 potius
1120 1950 1270 2016 acciderit
1284 1951 1418 2017 schedae

245 2076 353 2136 sextae
371 2077 403 2136 et
426 2069 692 2154 septuagesimae:
716 2068 751 2132 id
772 2069 852 2132 nihil
873 2075 923 2133 est
940 2068 1002 2132 nisi
1016 2069 1127 2152 lapsus
1142 2069 1281 2150 calami.)
1314 2091 1417 2154 usque

109 2262 113 2267 ,
243 2189 284 2256 ad
311 2210 441 2256 uersum
469 2189 544 2253 libri
560 2187 654 2254 ⁴senti
676 2192 737 2254 839
761 2187 868 2252 omnia
888 2187 1064 2253 rectissime
1086 2210 1119 2253 se
1141 2188 1270 2256 habent.
1297 2192 1349 2255 ³in
1371 2193 1416 2255 eis

243 2330 326 2393 quae
354 2308 397 2374 ad
417 2331 449 2374 ιι.
474 2313 535 2376 840
558 2306 724 2388 obseruat‚
756 2307 871 2376 statuit
892 2311 967 2370 ante
989 2307 1072 2372 hunc
1094 2329 1222 2373 uersum
1243 2330 1340 2404 unam
1364 2331 1415 2376 ar·
1497 2379 1498 2407 ¹

242 2427 371 2512 chetypi
393 2426 542 2508 schedam
563 2425 706 2508 periisse.
743 2445 870 2490 necesse
890 2425 990 2510 igitur
1012 2434 1099 2522 esta
1113 2450 1143 2491 u.
1162 2433 1223 2494 840
1238 2429 1291 2493 uel
1304 2430 1414 2513 potius
1496 2433 1497 2436 ’

243 2568 263 2612 a
283 2545 426 2631 capitulo
454 2554 530 2610 ante
557 2565 588 2609 u.
619 2549 680 2612 840
709 2543 815 2627 posito
838 2566 902 2610 non
924 2546 1018 2626 modo
1041 2567 1159 2610 nouam
1180 2548 1333 2631 paginam
1359 2549 1414 2613 sed

241 2664 339 2733 etiam
368 2688 487 2732 nouam
515 2664 663 2730 schedam
690 2662 856 2747 incepisse.
900 2686 1028 2730 uersum
1050 2671 1156 2730 autem
1180 2670 1241 2733 839
1264 2667 1412 2732 ultimam
1492 2743 1493 2765 χ

241 2786 378 2872 paginae
399 2787 494 2851 huius
522 2785 596 2850 Iibri
623 2783 740 2848 tertiae
762 2787 794 2848 et
815 2782 998 2868 trigesimae
1025 2784 1122 2850 fuisse
1143 2787 1212 2870 ipse
1233 2785 1411 2850 Lachman-
1491 2811 1492 2837 ι

112 2972 115 2980 ,
239 2928 301 2972 nus
322 2906 407 2971 dicit.
452 2905 538 2989 quod
559 2905 587 2970 si
606 2909 760 2986 tenemus,
782 2925 847 2968 non
862 2910 971 2987 potest
984 2925 1096 2968 uerum
1111 2925 1188 2990 esse,
1211 2894 1298 2987 quod
1313 2905 1411 2971 Lach-
1490 2887 1491 2909 ¹

240 3045 377 3090 mannus
413 3025 524 3090 scribit
553 3025 595 3088 ad
622 3023 667 3087 VI
697 3029 794 3091 1273:
827 3044 941 3089 uersus
973 3031 1053 3092 1274
1081 3024 1213 3114 ultimus
1246 3031 1318 3090 erat
1345 3047 1410 3092 non

241 3144 375 3211 schedae
400 3127 783 3226 nudequinquagesimae,
815 3144 871 3208 sed
897 3144 1178 3228 quinquagesimae
1204 3142 1279 3208 Iihri
1310 3146 1408 3225 sexti;

239 3283 315 3330 nam
347 3262 492 3328 uersibus
524 3261 743 3328 MCCLXXIV
776 3263 803 3328 si
837 3263 1090 3328 adnumerantur
1125 3264 1230 3330 XXVI
1256 3264 1407 3348 capitula,

240 3403 321 3466 quae
344 3381 474 3452 suntin
497 3386 587 3446 sexto
609 3381 702 3473 libro,
725 3381 908 3447 efficiuntur
929 3402 1041 3448 uersus
1056 3362 1179 3465 MOCO‚¹
1201 3386 1258 3467 qni
1279 3383 1408 3467 explent

239 3501 474 3586 quinquaginta
509 3495 658 3586 paginas,
681 3524 761 3568 non
797 3500 1126 3586 undequinquaginta.
1185 3503 1273 3588 (ergo
1304 3504 1339 3567 in
1373 3522 1407 3567 eo

239 3641 365 3705 quoque
392 3626 481 3686 errat
501 3621 742 3705 Lachmannus,
770 3621 855 3705 quod
877 3620 954 3685 dicit
976 3621 1017 3685 ad
1039 3642 1081 3697 u..
1096 3627 1191 3688 1225:
1223 3623 1274 3689 hic
1295 3644 1406 3689 uersus

239 3760 305 3804 non
337 3746 386 3806 est
419 3742 557 3826 paginae
585 3741 660 3806 libri
686 3741 769 3805 sexti
795 3739 1282 3824 duodequinquagesimae‚'sed
1310 3742 1406 3806 unde

239 3858 545 3946 quinquagesimae.)
593 3860 658 3924 iam
691 3859 764 3924 inde
794 3879 814 3924 a
839 3879 871 3922 u.
903 3863 964 3926 840
997 3859 1194 3925 aduersum
1224 3866 1306 3929 1274
1332 3853 1406 3926 sunt

237 3995 350 4044 uersus
372 3984 485 4063 poetae
500 3977 724 4045 CCCCXXXV
745 3982 778 4042 et
798 3977 941 4060 capitula
955 3977 1024 4060 VH,
1048 3977 1103 4061 qui
1125 3983 1200 4044 sunt
1215 3977 1406 4044 ccccxlii

238 4117 350 4164 uersus
380 4098 448 4162 siue
475 4096 566 4161 XVII
594 4096 746 4181 paginae,
776 4074 913 4179 quarum
941 4097 969 4162 si
991 4096 1096 4181 prima
1118 4096 1179 4162 fuit
1200 4106 1298 4181 recta,
1321 4097 1404 4182 quod

237 4215 674 4300 suprademonstraui‚etiam
684 4216 832 4303 ultimam
839 4215 991 4299 paginam
1002 4223 1123 4283 rectam
1132 4237 1200 4282 esse
1208 4239 1336 4284 necesse
1346 4225 1402 4284 est.

238 4334 331 4398 huius
367 4312 484 4396 autem⁸
506 4333 661 4415 septimae
693 4335 831 4408 decimae
864 4334 1001 4417 paginae
1033 4337 1165 4404 ultimus
1195 4359 1308 4404 uersus
1335 4343 1404 4403 erat
