3028 4830
711 371 863 463 ,11-

546 577 763 631 ...terrarum
784 572 866 632 milia
883 573 989 644 muita,

226 676 265 732 lv
288 677 348 732 411
395 689 468 746 quae
491 675 588 732 uariae
610 676 738 732 retinent
759 681 859 745 gentes
881 681 911 732 et
932 674 1026 732 saecla
1039 676 1188 746 seram

198 821 471 901 numerosioris,
497 842 580 903 qnos
608 792 713 886 adhue
738 822 849 901 attuli,
878 823 966 903 serae
994 823 1122 888 nomine
1151 821 1380 906 quadrupedes

196 941 377 1024 significari
402 947 551 1024 possunt.
595 961 678 1005 unus
699 946 808 1006 autem
829 947 879 1006 est
900 940 1003 1022 lorus,
1027 941 1086 1008 nbi
1109 941 1148 1006 de
1169 941 1379 1024 serpentibus

196 1063 391 1141 usurpatur:
1039 1079 1041 1082 ·

393 1216 511 1275 naribus
533 1193 661 1290 alipedes
683 1223 715 1276 ut
737 1218 815 1276 cerui
838 1191 924 1291 saepe
945 1222 1085 1290 putantur

154 1375 157 1385 ,
223 1319 264 1376 VI
289 1321 349 1378 766
393 1319 498 1377 ducere
520 1319 556 1376 de
573 1319 697 1377 -latebris
719 1321 865 1392 serpentia
886 1319 980 1377 saecla
993 1320 1142 1390 serarum.

286 1501 357 1564 Duo
385 1495 521 1584 denique
549 1507 722 1584 supersunt
749 1502 825 1582 loci,
853 1501 908 1566 ubi
931 1500 1017 1564 ferae
1039 1499 1186 1563 uocabuli
1210 1500 1257 1562 uis
1279 1499 1312 1562 in
1334 1519 1381 1563 eo

203 1621 405 1704 potissimum
426 1621 569 1702 ponitur,
586 1627 628 1685 ut
645 1620 715 1683 sint
737 1620 872 1683 rationis
891 1625 1053 1703 expertes:

221 1779 266 1836 ΙΙΙ
290 1735 348 1837 751
396 1776 562 1849 desiperent
583 1777 723 1848 homines,
740 1781 881 1848 saperent
902 1774 964 1833 iera
985 1776 1079 1835 saecla
1093 1778 1243 1847 ferarum.

241 1947 266 2004 V
290 1949 350 2006 929
395 1945 549 2024 uolgiuago
571 1946 665 2032 uitam
683 1945 850 2004 tractabant
871 1961 951 2004 more
965 1946 1113 2016 feroram.

202 2113 278 2180 mihi
307 2110 435 2196 quidem
464 2116 607 2188 nonest
635 2111 782 2191 dubium,
812 2111 889 2193 quin
911 2109 961 2174 his
984 2130 1110 2194 quoque
1131 2109 1208 2175 loeis
1226 2111 1382 2193 [ferorum

201 2252 316 2296 nomen
331 2251 388 2313 per
404 2229 716 2313 comprehensionem
731 2233 923 2312 usurpatum
937 2229 997 2310 sit;
1014 2234 1050 2292 at
1064 2234 1138 2294 utut
1152 2251 1203 2294 res
1216 2230 1381 2305 sehabet,

200 2349 362 2415 Gifanium
384 2347 587 2413 uehementer
609 2368 716 2412 errare
738 2345 942 2413 manifestum
964 2351 1026 2428 est,
1054 2369 1157 2432 neque
1178 2348 1382 2416 adientiuum

190 2470 289 2551 'ferna
319 2471 417 2551 poeta
451 2467 498 2531 ita
533 2472 723 2549 usurpatur,
758 2471 795 2530 ut
822 2465 969 2531 Gifenins
998 2465 1160 2549 opinatur.
1210 2473 1259 2533 est
1286 2467 1383 2532 enirn

201 2593 307 2666 atron,
336 2587 437 2650 dores
464 2563 497 2648 et
524 2585 617 2666 quasi
639 2591 812 2667 proterens
829 2589 873 2649 'et
894 2585 1041 2652 insoiens.
1073 2587 1156 2668 'fero
1177 2587 1261 2651 enim
1283 2588 1382 2670 apud

201 2703 382 2769 Lucretium
406 2708 563 2768 uocantur
583 2704 654 2785 fota
675 2702 811 2779 01338,
834 2726 922 2770 nors
944 2703 987 2768 Vi
1004 2709 1085 2771 1136
1108 2706 1160 2788 (ex
1174 2705 1384 2771 Laehmauni

201 2824 367 2906 praeclara
393 2821 589 2902 coniectura,
617 2821 667 2886 oui
694 2819 811 2887 Munro
839 2827 957 2888 temere
978 2827 1016 2886 at
1041 2823 1149 2906 inepte
1177 2824 1382 2907 scripturam

200 2942 439 3007 Macrobianam
459 2939 637 3026 praetulit),
662 2963 806 3008 moenera
827 2941 956 3008 militiai
977 2941 993 3004 I
1015 2946 1056 3008 29
1078 2949 1111 3007 et
1133 2944 1205 3010 belii
1225 2964 1384 3010 moenera

200 3065 294 3142 132,
325 3082 427 3142 nuper
453 3059 568 3138 1401,
597 3059 677 3140 ferri
705 3035 837 3140 empore
860 3059 990 3144 (prima)
1019 3061 1051 3125 Π
1077 3068 1152 3144 103,
1180 3064 1242 3128 telo
1262 3061 1293 3125 Π
1316 3067 1383 3145 49,

202 3183 335 3251 adactus
350 3180 451 3244 dentis
465 3178 538 3260 oprn‘
553 3175 581 3238 V
599 3180 689 3257 1328,
705 3179 899 3242 eentonrt'nm
914 3178 1060 3261 (propter
1075 3181 1234 3262 saporem)
1250 3179 1281 3242 Π
1295 3184 1380 3262 400,

199 3300 323 3381 frneins
351 3295 429 3379 (non
456 3295 615 3360 mansueti
642 3294 787 3380 colendo)
814 3295 843 3359 V
867 3301 964 3376 13663
993 3297 1049 3360 sed
1076 3296 1125 3361 bis
1147 3297 1383 3372 tantummodo

201 3416 240 3481 de
262 3412 454 3480 animalibus
474 3419 659 3497 usurpatur,
682 3414 737 3479 ubi
754 3421 859 3498 potest
879 3414 1008 3496 quidem
1023 3435 1092 3480 esse
1106 3417 1227 3481 rotinere
1241 3415 1383 3484 carens:

201 3536 338 3601 111751:
355 3533 530 3614 desiperent
545 3534 693 3614 homines,
710 3540 856 3616 saperent
868 3534 940 3615 fera
955 3535 1058 3600 saecla
1072 3535 1225 3616 ferorum,
1238 3538 1270 3598 et
1283 3531 1298 3596 Ι
1313 3540 1358 3602 14
1371 3561 1380 3601 :

202 3655 273 3721 inde
299 3652 387 3735 ferne
409 3653 547 3732 pendes
568 3653 751 3733 persultant
773 3653 894 3734 pabola
915 3655 1006 3719 laeto.
1050 3652 1221 3717 ethorum
1243 3673 1384 3738 quoque

202 3773 342 3838 iocorum
369 3769 530 3854 posterior
546 3768 652 3868 ¹aliter
679 3770 939 3853 interpretandus
968 3777 1031 3837 est:
1068 3776 1143 3835 suut
1170 3773 1255 3837 enim
1279 3772 1384 3853 ferae

192 3892 333 3976 pennos
359 3887 457 3954 boues
486 3909 562 3954 oues
590 3907 707 3971 caprae
729 3894 834 3956 oetera
855 3890 922 3956 eius
944 3890 1070 3973 generis
1091 3889 1259 3971 animalia,
1286 3909 1384 3971 quae

192 4008 344 4075 'nondum
372 4013 448 4072 sunt
473 4011 651 4072 mansueta.
695 4007 755 4072 hoe
775 3995 871 4090 plane
892 4007 985 4074 doeet
1003 4009 1106 4074 Varro
1127 4032 1154 4074 r.
1176 4032 1203 4074 r.
1226 4009 1258 4073 Π
1282 4016 1310 4090 1,
1335 4017 1380 4077 5:

177 4133 296 4198 'eiiam
316 4147 398 4195 nnnc
419 4127 453 4192 in
476 4127 551 4192 loeis
570 4128 679 4194 moitis
697 4148 812 4212 yeneno
829 4129 982 4210 pecodum
995 4128 1137 4209 ferorum
1152 4136 1226 4194 sont
1240 4127 1381 4213 aliquot,

201 4255 236 4317 ni
256 4250 291 4316 in
307 4246 452 4331 Pbrype'o
474 4266 513 4312 en
539 4247 650 4312 onibus
673 4295 730 4312 ...
742 4270 753 4327 ,·
780 4251 817 4311 nt
836 4247 871 4310 in
893 4244 1095 4312 Sonnotbrooe
1117 4267 1286 4328 capraram
1308 4293 1345 4314 ·.
1368 4301 1378 4316 .
