3028 4830
719 311 871 438 ,ιι
970 401 975 414 x

209 543 379 633 punituri
402 551 475 614 300.
498 544 614 612 vele.
637 543 682 608 VI
704 548 777 627 364,
799 548 835 609 ιιι
855 542 887 608 11
911 549 972 612 517
996 543 1090 625 calor,
1113 542 1145 608 11
1166 547 1238 612 858.
1261 539 1306 607 VI
1320 545 1382 608 948

209 687 320 750 uapor.
365 650 422 732 sed
449 669 558 731 aestus
586 663 749 734 interdum
778 662 1017 746 tantummode,
1050 668 1087 728 ut
1114 681 1175 743 pur
1202 668 1269 742 est,
1300 658 1383 726 huuc

208 784 308 851 habet
330 784 410 866 uim;
434 782 506 849 eliis
519 782 606 850 -loeis
629 782 680 870 (ιιι
702 784 730 849 V
753 784 830 870 647)
852 784 936 870 iden]
958 781 1056 862 ualet,
1078 777 1164 862 quod
1185 779 1228 845 eb
1243 777 1382 862 Epicuro

93 883 96 890 Δ
209 897 281 989 δίνη
304 908 455 986 uocetur,
483 908 521 968 ιιι
549 902 631 968 artis
658 904 866 971 uocabulum·
879 903 931 968 sit.
975 921 1035 984 pro
1058 898 1163 964 calore
1186 904 1296 964 eutem
1318 896 1383 962 siue

209 1042 332 1106 uapore
353 1019 515 1086 interdum
538 1022 636 1087 etiem
656 1022 722 1088 elie
736 1021 898 1091 uocabula
912 1026 1087 1104 ponuntur,
1109 1022 1147 1082 ιιι
1164 1018 1274 1100 feruor
1288 1017 1385 1084 ardor

210 1141 296 1225 ipsis
316 1140 403 1206 redii
422 1141 561 1222 flamna.
605 1161 742 1223 querum
764 1127 995 1210 uenabulorum
1018 1159 1091 1205 eum
1113 1139 1207 1202 tante
1224 1134 1267 1199 sit
1283 1136 1385 1218 eopia,
1493 1147 1494 1182 ὲ

211 1259 246 1324 id
267 1258 373 1342 ipsum
395 1263 506 1325 cautos
529 1279 588 1324 nos
610 1281 679 1326 esse
698 1261 796 1344 iubet,
820 1283 860 1326 ne
874 1264 1025 1345 putemus
1042 1257 1176 1324 calorem
1190 1260 1223 1320 et
1236 1263 1388 1337 nepotem

209 1377 291 1444 ertis
313 1376 474 1444 uocabula
494 1399 580 1461 esse,
609 1379 696 1464 qued
719 1381 745 1446 si
766 1379 815 1446 ite
836 1384 937 1461 esset,
964 1382 1021 1443 eut
1043 1396 1176 1461 prorsus
1199 1373 1388 1458 parimodo
1493 1361 1494 1366 ἵ

211 1500 328 1583 potitae
353 1497 541 1582 usmpunds
570 1505 627 1565 aut
656 1469 807 1566 suistilius
834 1499 918 1564 inter
941 1519 975 1563 se
996 1491 1220 1579 distinguenda
1242 1491 1389 1564 fuissent.

211 1617 268 1684 sed
290 1621 441 1683 neutrum
462 1618 532 1684 fieri
554 1641 594 1685 ex
609 1619 654 1684 eis
670 1638 753 1703 quae
768 1617 864 1684 attuli
879 1614 1085 1682 menifestum
1099 1619 1157 1684 est.
1193 1633 1268 1678 nam
1287 1633 1390 1696 uapor
1427 1593 1429 1596 ¹

212 1757 279 1803 non
300 1733 421 1804 dieitur
442 1736 574 1802 humani
595 1737 740 1821 corporis
764 1736 866 1819 calor,
891 1735 980 1804 cuius
1003 1733 1130 1818 quidem
1151 1731 1302 1798 uocubuli
1323 1731 1390 1798 uim

210 1853 309 1950 latius
339 1859 451 1940 putere
478 1877 576 1940 quem
603 1858 737 1941 uaporis
767 1855 864 1922 etiam
892 1854 969 1921 libri
997 1851 1086 1921 tertii
1112 1871 1225 1917 uersus
1253 1855 1316 1918 233
1338 1871 1387 1934 sq.

187 1968 421 2049 ¹ostendunt.⁶
445 1996 520 2041 nem
555 1980 613 2042 eut
646 1975 696 2040 ita
724 1975 930 2041 statuendum
958 1976 1022 2054 est,
1055 1974 1113 2036 eut
1142 1970 1188 2036 ibi
1213 1991 1273 2054 pro
1302 1971 1389 2038 euler
1494 2013 1495 2034 ι

210 2093 415 2162 scribendum
436 2116 548 2178 uapor,
572 2116 612 2160 ne
626 2095 795 2162 inuenuste
810 2116 848 2160 ue
863 2113 964 2179 prope
979 2090 1099 2158 insulse
1114 2089 1266 2173 loquetur
1280 2093 1396 2174 poete..

208 2213 319 2297 itaque
346 2236 447 2298 neque
474 2215 561 2282 celer
589 2237 647 2280 nee
674 2237 776 2298 uapor
804 2213 883 2280 artis
912 2216 962 2278 est
990 2207 1182 2278 uocabulum
1204 2229 1307 2293 neque
1326 2209 1388 2274 hoc

208 2332 335 2400 mirum.
380 2354 490 2400 omnes
512 2333 596 2400 enim
618 2332 801 2398 huiusmodi
819 2353 871 2398 res
886 2331 972 2396 inter
988 2351 1021 2396 se
1036 2329 1154 2396 similes
1170 2349 1252 2414 quae
1267 2327 1386 2394 talibus

209 2450 375 2518 uocabulis
403 2451 638 2536 insigniuntur,
667 2451 777 2534 qualia
805 2454 882 2517 sunl
909 2438 994 2535 ipsis
1017 2451 1149 2532 flauuma
1175 2451 1263 2516 suet
1289 2449 1388 2516 ardor

208 2570 450 2654 serueneestus
472 2573 558 2640 ιιιῑον
580 2591 690 2655 uapor,
717 2571 828 2638 multis
850 2575 883 2636 et
905 2569 1004 2636 uariis
1027 2569 1264 2648 modissensus
1286 2568 1387 2634 homi·

193 2709 286 2754 ‚num
307 2688 462 2774 efficiunt,
490 2697 526 2757 ut
548 2690 642 2758 modo
665 2693 826 2761 terribiles
849 2695 882 2758 et
905 2691 1007 2773 dirae,
1028 2687 1123 2756 medo
1144 2687 1332 2774 magnificae
1352 2693 1387 2753 et

209 2807 413 2894 splendidae,
440 2811 535 2879 modo
557 2810 718 2878 beneficae
740 2816 774 2878 et
795 2812 915 2893 ulmae,
946 2809 1040 2876 modo
1062 2811 1217 2877 uenustae
1238 2812 1271 2873 et
1293 2807 1387 2891 qussi

162 2943 167 2952 ’
208 2928 391 3014 petulantes
420 2951 489 2998 esse
518 2931 699 2998 uideantur.
744 2931 848 2999 uoluit
876 2930 976 3014 igitur
998 2928 1147 2996 uariandi
1166 2927 1327 2993 licentium
1349 2947 1387 2992 nc

208 3047 395 3114 facultatem
423 3054 568 3117 coercere
595 3055 704 3136 poeta.
732 3089 774 3098 -
803 3049 923 3115 Eadem
951 3048 1078 3116 ratione
1106 3048 1311 3114 iudicandum
1331 3052 1387 3112 est
1495 3029 1496 3034 ἵ

208 3165 249 3230 de
275 3166 386 3233 multis
414 3166 478 3234 illis
508 3192 609 3254 equae
630 3169 919 3255 appellationibus,
946 3169 980 3235 in
1002 3168 1118 3253 quibus
1140 3168 1197 3232 uix
1218 3166 1285 3232 ulla
1306 3164 1386 3232 artis

209 3283 368 3379 uocabula
399 3286 537 3353 inueniri
570 3295 734 3374 poterunt.
794 3289 974 3376 promiscue
1007 3287 1090 3354 enim
1122 3287 1273 3371 leguntur
1304 3308 1387 3370 equa

210 3425 302 3510 tener
325 3407 428 3492 liquor
451 3408 559 3476 latices
580 3431 636 3478 ros
659 3411 785 3496 lympha
808 3411 913 3492 inber,
937 3417 1006 3475 tum
1028 3429 1116 3474 mure
1138 3427 1254 3491 aequor
1267 3411 1387 3488 potetis

205 3527 352 3611 palaque,
376 3533 445 3594 tum
467 3529 553 3596 uude
574 3531 690 3611 fluetus
710 3531 871 3612 fluentum,
897 3527 1033 3612 denique
1055 3527 1153 3626 sudes
1174 3545 1270 3592 sucus
1284 3526 1385 3591 ιιιιιιι.

210 3646 361 3712 nimirum
390 3647 556 3714 Lucretius
592 3653 691 3734 polita
723 3653 772 3715 est
802 3648 1050 3734 philosophans,
1084 3667 1149 3712 non
1176 3643 1385 3730 philosophus

210 3765 407 3832 nersifieans.

295 3883 420 3950 Addam
454 3909 557 3972 pauca
584 3889 623 3955 de
652 3888 718 3954 alia
746 3888 978 3974 appellatione,
1011 3906 1094 3972 quae
1122 3903 1319 3969 quamquem
1346 3901 1383 3946 ue

209 4003 282 4088 ipse
303 4003 431 4088 quidem
453 4012 502 4072 est
517 4007 559 4074 ad
573 4009 653 4075 eutis
669 3995 827 4076 sessibula
841 4009 1016 4090 referende,
1040 4011 1148 4072 tumen
1163 4026 1234 4070 sem
1249 4001 1381 4088 speeiem

209 4142 275 4190 non
304 4123 410 4191 minus
437 4149 516 4212 pree
544 4151 577 4196 se
604 4120 667 4197 fert
690 4154 787 4215 quam
809 4153 925 4216 uapor,
954 4128 1024 4195 dieo
1047 4127 1193 4194 saeclum.
1235 4123 1297 4188 hoe
1320 4142 1381 4186 non

209 4243 304 4310 modu
329 4245 577 4316 usitatissimum
604 4256 654 4318 est
681 4251 755 4318 huic
782 4255 897 4338 petitae
927 4247 1058 4335 (legitur
1086 4246 1170 4316 enim
1191 4245 1226 4309 in
1247 4242 1381 4324 editi⁰¹1⁰
