3028 4830
623 540 627 547 ·
685 503 836 595 „3-

174 707 302 770 Faunos
332 708 364 767 ot
393 701 532 782 Silenon,
561 701 637 782 quid
666 702 798 782 mirum,
829 699 856 762 si
877 698 920 780 is,
952 717 1032 780 quae
1060 715 1178 778 magna
1205 698 1236 756 et
1263 709 1349 754 noua

175 828 273 905 atque
307 821 454 886 inaudita
481 821 700 904 excogitauit,
724 817 909 892 rudiuscula
935 816 992 881 illa
1019 815 1143 898 lingua,
1175 811 1303 896 qualem
1330 829 1350 871 a

174 925 345 1006 maioribus
381 923 538 1005 traditam
576 944 673 1022 atque
708 939 749 1002 ab
781 937 968 1020 aequalibus
997 938 1185 1016 usurpatam
1217 928 1348 1012 accepit,

175 1082 239 1125 non
267 1060 361 1144 plane
390 1065 448 1124 aut
477 1059 644 1143 perspicue
663 1063 730 1121 *aut
756 1057 803 1120 ita
831 1056 923 1138 dicit,
954 1059 991 1117 ut
1017 1053 1058 1117 ab
1086 1051 1234 1117 omnibus
1256 1046 1349 1112 intel-

173 1179 346 1263 legantur?
392 1184 469 1243 sunt
496 1183 603 1242 autem
626 1180 741 1259 poetae
764 1181 796 1239 et
817 1175 961 1239 homines
984 1173 1084 1253 docti,
1111 1170 1249 1236 maxime
1271 1187 1348 1232 uero

174 1299 371 1382 philosophi,
395 1298 450 1380 qui
472 1296 575 1361 multa
593 1296 786 1379 cogitatione
800 1265 977 1375 inueniunt,
1001 1313 1083 1379 quae
1097 1296 1193 1356 antea
1208 1288 1350 1354 nondum
1377 1307 1378 1310 ’

173 1425 250 1482 sunt
278 1393 426 1496 inuenta,
456 1415 591 1498 ideoque
619 1414 785 1479 notionum
814 1435 982 1478 numerum
1012 1415 1139 1494 augent.
1183 1410 1229 1474 eis
1250 1408 1350 1490 igitur

175 1557 239 1599 non
269 1535 364 1599 modo
392 1535 466 1599 licet
487 1555 573 1599 noua
595 1533 753 1598 uocabula
776 1533 910 1615 fingere,
940 1532 995 1596 sed
1017 1531 1095 1595 adeo
1118 1535 1155 1593 ut
1176 1527 1209 1591 id
1231 1526 1350 1590 faciant

176 1655 348 1720 necessitas
384 1654 537 1737 imposita
572 1657 631 1717 est.
668 1655 750 1730 ‘iam
789 1651 815 1716 si
852 1653 924 1734 quis
961 1650 1170 1734 philosophus
1204 1645 1348 1709 notiones

175 1795 309 1858 prorsus
343 1794 445 1838 nouas
480 1771 613 1846 necdum
647 1769 688 1834 ab
718 1771 788 1835 aliis
818 1771 976 1854 cogitatas
1005 1770 1142 1849 inuenit,
1177 1773 1233 1831 aut
1265 1783 1350 1830 noua

57 1925 59 1928 ’
175 1893 333 1959 uocabula
360 1892 389 1958 ei
416 1891 564 1975 fingenda
593 1895 684 1972 sunt,
713 1896 771 1954 aut
797 1892 843 1957 eis
865 1889 1044 1970 uocabulis,
1074 1909 1156 1984 quae
1177 1908 1255 1951 usus
1277 1885 1350 1964 fert,

176 2033 280 2077 nouae
308 2010 558 2094 significationes
581 2014 657 2072 sunt
679 2009 878 2075 tribuendae.
923 2009 1008 2092 quod
1031 2011 1058 2074 si
1080 2030 1199 2073 nouum
1221 2005 1351 2070 finxerit

176 2128 369 2193 uocabulum
392 2127 489 2209 idque
511 2147 574 2209 qna
596 2127 630 2189 ui
651 2132 843 2220 usurpatum
865 2128 945 2191 uelit
966 2130 1092 2191 ratione
1114 2126 1241 2190 reddita
1262 2125 1350 2188 lucu·

176 2246 279 2317 lenter
306 2244 544 2329 explanauerit,
573 2246 646 2308 non'
667 2246 761 2311 modo
790 2245 970 2328 scientiam,
1000 2245 1054 2309 sed
1084 2246 1180 2309 etiam
1207 2243 1350 2326 linguam

116 2445 122 2454 ¹
175 2363 384 2448 locupletabit
417 2368 449 2428 et
483 2362 544 2427 sibi
571 2364 858 2447 philosophiaeque
884 2385 960 2428 suae
990 2363 1180 2429 uocabulum
1208 2360 1349 2445 parabit,

176 2505 240 2567 quo
272 2487 393 2548 certam
427 2487 459 2547 et
485 2503 584 2546 unam
619 2503 804 2567 semperque
837 2484 970 2548 eandem
1004 2504 1071 2548 rem
1104 2482 1275 2566 significet,
1313 2483 1351 2542 ut

176 2603 245 2667 fieri
273 2623 340 2667 non
360 2601 483 2685 possit,
509 2607 546 2666 ut
568 2603 738 2686 quisquam
760 2605 825 2668 tale
846 2603 1039 2669 uocabulum
1060 2623 1230 2686 perperam
1252 2601 1350 2664 inter·

176 2726 331 2804 pretatur.
375 2720 550 2804 explanare
572 2727 678 2786 autem
700 2722 815 2786 talium
832 2722 1061 2788 uocabulorum
1077 2743 1193 2786 nouam
1209 2723 1350 2803 potesta-

177 2844 242 2902 tem
274 2838 361 2903 haud
397 2841 458 2903 erit
492 2838 636 2921 difficile,
670 2841 697 2905 si
728 2841 823 2906 modo
855 2841 928 2924 ipsa
960 2840 1002 2904 ad
1030 2840 1194 2922 ingenium
1223 2839 1351 2920 linguae

177 2955 431 3023 accommodata
448 2962 532 3022 sunt.
577 2979 649 3022 cum
676 2959 760 3023 enim
786 2981 878 3025 nemo
901 2980 1035 3044 prorsus
1058 2978 1160 3022 nouas
1181 2956 1351 3022 uocabulo-

177 3097 248 3140 rum
271 3075 394 3142 radices
417 3077 596 3160 excogitare
616 3078 728 3160 possit,
748 3077 804 3142 sed
825 3078 1026 3160 uocabulum,
1049 3077 1135 3161 quod
1155 3077 1221 3140 iarn
1241 3076 1275 3139 in
1290 3097 1351 3139 usu

176 3199 233 3275 est,
263 3215 350 3260 noua
376 3194 481 3260 forma
508 3196 688 3260 ornandum
720 3198 776 3279 sit,
806 3198 994 3280 plerumque
1020 3198 1062 3262 ab
1090 3195 1238 3262 omnibus
1267 3199 1352 3260 recte

178 3311 374 3398 intellegitur
408 3313 458 3378 uel
493 3314 581 3378 nulla
614 3316 739 3380 ratione
768 3316 904 3382 reddita.
948 3317 1012 3381 alia
1039 3321 1088 3381 est
1117 3314 1201 3380 enim
1228 3312 1352 3380 dicendi

178 3429 262 3494 ratio
292 3430 456 3496 hominum
479 3433 655 3516 doctorum,
679 3434 743 3499 alia
765 3435 926 3516 artificum
948 3435 1169 3518 opificumque.
1213 3452 1352 3515 namque

178 3549 264 3614 docti
292 3555 325 3615 et
352 3551 489 3616 maxime
515 3552 699 3636 philosophi
730 3574 794 3618 non
821 3559 958 3638 possunt
981 3553 1123 3638 quolibet
1145 3549 1272 3616 nomine
1293 3550 1350 3633 uti,

178 3666 233 3731 sed
254 3667 375 3734 talibus
398 3672 445 3733 uti
468 3670 595 3747 debent,
618 3672 768 3757 qualibus
783 3694 835 3738 res
850 3694 924 3737 uere
940 3673 1172 3755 significantur.
1212 3670 1352 3735 artifices

168 3791 291 3852 'contra
325 3794 358 3854 et
389 3788 519 3872 opifices
551 3791 692 3854 omnium
720 3792 888 3856 nationum
915 3791 1052 3856 maxime
1079 3790 1279 3858 delectantur
1306 3793 1351 3855 cis

177 3905 259 3970 artis
285 3907 467 3988 uocabulis,
498 3928 579 3990 quae
605 3917 697 3974 nemo
724 3909 909 4001 intellegere
928 3914 1035 3993 potest
1057 3909 1119 3973 nisi
1140 3910 1173 3974 ui
1196 3930 1234 3974 ac
1256 3909 1351 3992 signi·

178 4023 326 4090 ficatione
353 4047 463 4110 eorum
492 4026 662 4109 explicata.
706 4029 815 4112 itaque
843 4028 919 4111 quid
948 4028 990 4092 sit
1011 4027 1184 4110 descriptio
1206 4028 1352 4092 narratio

178 4144 327 4225 probatio
349 4145 468 4240 relatio
488 4146 679 4228 aestimatio,
702 4147 780 4229 quid
802 4146 946 4210 definitio
960 4146 1093 4230 partitio
1109 4145 1233 4227 diuisio,
1256 4147 1352 4210 etiarn

178 4261 234 4343 qui
262 4267 365 4328 artem
393 4263 517 4328 dicendi
546 4285 611 4330 non
633 4267 745 4331 didicit
767 4264 848 4330 scire
869 4269 991 4347 potest;
1021 4269 1135 4328 contra
1157 4264 1233 4345 quid
1255 4265 1369 4328 sitin

177 4379 251 4445 alea
272 4379 381 4446 Venus
409 4387 442 4446 et
470 4382 573 4464 canis,
601 4383 679 4466 quid
704 4383 740 4448 in
766 4382 844 4450 belli
872 4388 941 4449 arte
962 4384 1056 4448 uinea
1078 4382 1204 4446 testudo
1228 4381 1353 4463 scorpio

1116 4497 1151 4548 1*
