3028 4830
691 387 729 450 17

631 467 782 479 m

106 652 110 662 ,
127 591 205 654 haec
214 589 328 654 habet:
345 585 398 652 dui
414 571 624 673 αραύητττέον
640 581 690 650 ὅτι
706 583 789 650 κατὰ
802 582 858 649 τὸν
871 579 1065 672 Ἐπίκουρον
1079 587 1137 671 τῆς
1149 581 1293 672 ἀναφοῦς

127 705 326 794 καλουμένης
354 700 481 793 φύσεως
507 704 544 770 τὸ
571 703 631 796 μέν
660 730 693 770 τι
715 699 907 789 ὀνομάζεται
927 698 1033 787 κενόν,
1062 701 1100 769 τὸ
1122 701 1158 770 δὲ
1177 699 1291 786 τόσος,

129 828 167 894 τὸ
195 825 232 893 dii
256 819 356 913 χώρα,
384 820 718 909 μεταλαμβανομένιον
745 823 828 890 κατὰ
849 819 1027 912 διαφόρους
1048 822 1209 908 ἐπιβολὰς
1229 828 1293 892 τῶν

130 941 309 1031 ὀνομάτων,
346 941 487 1032 ἐπείπερ
519 939 538 1031 ἡ
573 940 650 1033 αὕτη
686 939 785 1032 φύσις
825 941 943 1032 ἔρημος
978 943 1037 1029 μὲν
1073 949 1294 1033 καθεστηκυῖα

132 1064 254 1144 παντὸς
287 1059 437 1148 σώματος
471 1063 563 1130 κενὸν
596 1059 881 1152 προσαγορεύεται,
914 1063 1224 1152 καταλαμβανομένη
1258 1063 1295 1130 δὲ

129 1183 195 1251 virid
218 1179 369 1268 σώματος
390 1179 496 1274 τύπος
516 1183 671 1267 καλεῖται,
692 1178 879 1271 χωρούντων
903 1181 940 1249 δὲ
961 1179 1004 1249 δι’
1025 1179 1122 1272 αὐτῆς
1137 1180 1293 1270 σιομάτιον

126 1300 214 1391 χώρα
245 1301 384 1390 γίνεται·
417 1307 532 1380 κοινῶς
559 1301 673 1386 μέντοι
700 1298 798 1390 φύσις
826 1299 951 1392 ἀναφὴς
979 1299 1103 1393 εἴρηται
1130 1305 1222 1391 παρὰ
1248 1311 1295 1402 τῷ
1387 1313 1390 1324 ⁴

128 1409 311 1509 Ἐντικούρφ
341 1423 396 1488 διὰ
424 1421 462 1488 τύ
491 1421 689 1510 ἐστερῆσθαι
718 1426 775 1510 τῆς
801 1422 884 1489 κατὰ
906 1419 1076 1508 ἀντίβασιν
1101 1421 1194 1512 ἁφῆς.
1239 1426 1292 1512 (cf.

36 1595 40 1600 .
68 1567 71 1574 ’
126 1545 209 1626 plac.
237 1545 314 1627 pbil.
343 1545 359 1609 I
387 1543 453 1628 20.)
507 1543 593 1627 apud
625 1543 808 1635 Lucretium
842 1527 992 1609 sollemne
1023 1545 1214 1610 uocabulum
1247 1551 1296 1610 est
1377 1551 1378 1554 ’
1457 1557 1459 1568 “

131 1665 231 1745 inane,
255 1665 398 1748 ut'apud
412 1663 585 1747 Epicurum
606 1658 707 1746 κενόν,
730 1663 785 1728 sed
806 1663 893 1728 haud
914 1685 989 1728 raro
1008 1665 1105 1729 ctiam
1120 1671 1295 1750 usurpatur

130 1784 216 1848 locus
238 1787 269 1847 ct
291 1785 429 1865 spatium
451 1783 480 1866 (l
502 1789 574 1850 426.
598 1791 669 1850 472.
694 1791 755 1852 954
778 1785 849 1867 su),
873 1805 1032 1866 nusquam
1054 1790 1161 1850 autem
1182 1787 1237 1852 ille
1258 1788 1296 1852 de

129 1903 244 1968 horum
270 1902 499 1968 uocabulorum
526 1903 707 1972 discrimine
735 1904 890 1987 explicate
917 1905 1073 1996 loquitur,
1108 1907 1194 1989 quod
1220 1908 1295 1991 Epi-

130 2043 242 2087 curum
264 2020 498 2104 elegantissime
519 2021 630 2086 fecisse
652 2043 691 2086 ex
713 2024 758 2088 eis
780 2031 925 2108 apparet,
939 2023 1029 2105 'quae
1045 2045 1062 2088 e
1079 2025 1175 2090 Sexto
1191 2027 1296 2092 attuli.

131 2163 166 2205 re
194 2146 302 2205 tamen
323 2139 462 2204 Lucretii
489 2139 594 2204 oratio
621 2140 708 2204 haud
732 2148 783 2238 est
809 2142 940 2206 inferior
968 2143 1116 2226 magistri
1143 2167 1295 2212 sermone.

131 2281 207 2324 nam
229 2260 321 2324 iamne
343 2257 419 2342 (dos
434 2259 511 2343 lere)
533 2259 630 2342 plane
651 2259 735 2324 idem
757 2266 805 2334 est
827 2283 863 2325 ae
885 2259 923 2326 τὸ
945 2255 1051 2344 κενόν;
1074 2266 1158 2331 locas
1174 2266 1296 2356 (plata)

132 2385 238 2444 autem
271 2399 335 2442 non
368 2382 476 2462 potest
507 2380 657 2462 usurpari
685 2380 746 2444 msi
772 2381 814 2445 ad
841 2402 956 2466 corpus
984 2384 1136 2466 relatum,
1163 2406 1297 2468 prorsus

125 2500 229 2584 *igitur
255 2500 404 2564 conuenit
432 2519 504 2562 cum
534 2519 585 2581 eo,
614 2499 699 2581 quod
725 2500 864 2583 Epicuro
885 2495 991 2578 τόπος
1011 2509 1156 2568 uocatur.
1201 2510 1297 2589 atque

130 2621 229 2701 spatii
250 2618 374 2702 (νααικ,
397 2618 583 2700 ερύιῖκοααι)
611 2639 737 2701 quoque
763 2620 951 2704 principalis
973 2621 1023 2685 uis
1045 2643 1083 2687 ea
1105 2627 1167 2705 est,
1195 2630 1232 2688 ut
1255 2627 1296 2690 sit

130 2737 235 2818 locus,
266 2737 353 2801 intra
380 2757 473 2819 quem
499 2741 667 2800 moueatur
695 2738 825 2821 aliquid.
869 2741 998 2804 omnino
1025 2742 1125 2825 igitur
1152 2746 1297 2827 congruit

134 2875 205 2919 cum
234 2849 331 2942 χώρᾳ.
386 2876 443 2920 nec
476 2860 583 2920 tamen
616 2855 780 2922 Lucretius
813 2864 881 2922 tam
910 2858 1078 2942 diligenter
1105 2862 1189 2926 inter
1220 2863 1298 2927 haec

133 2975 264 3039 nomina
294 2974 474 3058 distinguit,
508 2981 545 3039 ut
578 2997 701 3060 semper
735 2978 834 3044 ῑοοακι
863 2976 963 3060 dicat,
997 2979 1053 3045 ubi
1085 2953 1183 3046 inane
1208 3004 1296 3047 occu·

131 3101 229 3178 patur
250 3115 396 3178 corpore,
425 3101 482 3158 aut
505 3097 657 3177 spatium,
684 3097 742 3162 ubi
763 3117 814 3160 res
836 3097 878 3161 ad
900 3103 1023 3163 motum
1044 3100 1157 3165 redit„
1182 3103 1237 3167 sed
1258 3124 1298 3166 nc

132 3214 289 3297 Epicurus
323 3214 450 3297 quidem
471 3205 547 3278 'tam
574 3213 721 3297 religiose
749 3214 918 3280 discrimen
945 3219 1133 3285 obseruasse
1161 3220 1296 3302 uidetur,

135 3332 189 3414 qui
218 3333 345 3416 scripsit
372 3333 477 3420 (Diog.
504 3331 538 3397 L.
567 3333 597 3398 X
625 3333 694 3418 67):
730 3331 768 3400 τὸ
798 3331 834 3399 δὲ
861 3333 952 3400 κονὸν
1047 3334 1171 3425 κίνησιν
1198 3333 1297 3421 μόνον

134 3445 177 3514 δι’
205 3444 320 3515 ἑαυτοῦ
345 3455 417 3527 τοῖς
444 3445 572 3533 σώμασι
601 3450 793 3539 παρέχεται,
821 3455 878 3519 ubi
903 3448 991 3542 χώρα
1020 3457 1122 3522 dicere
1150 3457 1297 3524 debebat.

133 3590 244 3635 uerum
271 3564 397 3658 ἀναφὴς
423 3564 535 3657 φύσις,
564 3593 645 3654 quae
672 3579 755 3637 esset
783 3575 882 3672 latine
908 3577 1059 3642 intuctib'e
1087 3577 1154 3641 siue
1180 3581 1298 3646 intacta

132 3696 257 3773 cubuc,
280 3713 345 3756 uon
367 3690 482 3774 legitur
504 3690 591 3775 apud
605 3691 795 3758 Lucretium.
840 3696 894 3777 qui
916 3700 1024 3760 tamen
1045 3695 1140 3762 inane
1160 3699 1298 3765 intactile

132 3815 227 3874 uocat
253 3815 285 3874 ct
311 3813 462 3877 intactum
489 3810 519 3895 (Ι
545 3813 617 3874 437.
640 3809 668 3873 V
691 3811 766 3897 358)
795 3819 892 3896 atque
919 3815 1016 3878 etiam
1043 3821 1175 3880 acturae
1204 3837 1297 3882 uoca-

133 3926 248 3992 bulum
269 3927 309 3992 ad
336 3931 432 3994 inane
456 3927 555 3995 refert
575 3929 591 3993 I
613 3934 689 4012 432,
718 3939 846 4015 praeter
868 3953 983 4016 corpus
1006 3938 1038 3998 et
1059 3933 1153 3998 inane
1175 3937 1298 4002 tertium

132 4053 280 4114 acturum
310 4069 379 4113 esse
411 4070 540 4134 negans.
565 4038 569 4043 ⁴
590 4048 651 4112 hac
680 4049 779 4133 igitur
812 4050 847 4115 in
879 4072 914 4116 rc
941 4027 1076 4117 Latinus
1110 4055 1213 4118 sermo
1243 4074 1295 4117 ne·

133 4185 295 4249 quaquam
316 4166 398 4233 cedit
420 4167 549 4236 Graeco.
571 4208 615 4217 —
