3028 4830
655 391 807 486 „⁵3-

143 587 367 673 Bernaysiaha
394 586 609 672 quadragiens
632 586 779 674 quater),
806 587 981 655 sedetiam
1003 588 1157 674 peculiari
1179 587 1319 674 quadam

144 707 179 772 ui
201 707 384 789 instruitur,
408 727 489 794 quae
511 707 599 791 apud
621 712 741 774 ceteros
764 708 937 792 scriptores
957 707 1124 775 rarissima
1145 712 1216 775 est·
1248 709 1319 795 plu·
1437 719 1439 723 ’

143 825 235 890 rimis
256 827 341 892 enim
354 825 442 891 ,locis
464 825 677 893 animantium
697 848 814 912 ponera
834 827 894 892 hoc
915 827 1072 893 uocabulo
1087 826 1318 914 significantur,

96 924 111 953 '
144 965 228 1028 quae
251 946 339 1010 notio
361 945 610 1028 haudquaquam
633 944 738 1011 aliena
759 951 809 1011 est
830 966 850 1010 a
872 946 1084 1031 philosophia.
1121 948 1184 1013 huc
1199 947 1319 1012 accedit

143 1063 230 1146 quod
254 1063 312 1128 Th.
335 1057 551 1130 Mommsenus
575 1061 739 1146 (Chronol.
762 1065 853 1130 Rom.
871 1071 883 1109 2
903 1087 935 1149 p.
962 1072 1021 1131 172
1044 1066 1106 1152 sq.)
1129 1067 1266 1152 primam
1287 1071 1319 1130 et

144 1181 311 1266 propriam
333 1183 428 1248 huius
450 1181 598 1250 uocabuli
620 1183 884 1268 significationem
907 1184 948 1249 ad
969 1189 1096 1269 tempus
1118 1185 1225 1268 refert,
1248 1207 1320 1251 cum
1375 1247 1376 1252 ,

145 1301 281 1366 ducatur
314 1323 334 1367 a
367 1304 532 1386 saepiendt
567 1303 666 1369 uerbo
704 1308 801 1386 atque
836 1302 994 1388 principio
1026 1303 1109 1368 idem
1143 1304 1251 1370 ualeat
1283 1325 1321 1369 ac

146 1425 294 1486 nostrum
321 1422 399 1487 hetto
428 1443 487 1488 voc
507 1423 641 1506 johrea,
669 1421 731 1503 ita,
763 1427 800 1488 ut
827 1421 993 1488 Lucretius
1020 1443 1040 1487 a
1066 1423 1201 1518 propria
1222 1422 1319 1507 signi·

146 1540 295 1608 ficatione
322 1541 490 1610 recessisse
519 1541 677 1607 uideatur.
721 1540 805 1610 hano
833 1547 941 1608 autem
969 1542 1065 1608 saecli
1086 1541 1236 1608 uocabuli
1258 1543 1320 1607 ori·

146 1660 266 1744 ginem.
279 1681 390 1726 ueram
418 1681 487 1726 esse
515 1667 611 1744 negat
633 1659 820 1727 Franciscus
842 1661 1055 1727 Buechelerus
1083 1662 1117 1727 in
1136 1661 1256 1744 litteris
1279 1661 1321 1726 ad

145 1778 382 1845 Fieckeisenum
410 1778 509 1864 datis,
541 1780 596 1865 qui
624 1781 757 1848 comiter
784 1780 863 1846 mihi
888 1781 1050 1868 permisit,
1081 1788 1119 1848 ut
1147 1781 1208 1864 eis,
1239 1800 1321 1864 quse

146 1897 357 1964 Buechelerus
379 1898 418 1964 de
438 1899 499 1964 hac
519 1923 553 1965 re
576 1921 682 1982 secum
701 1900 1009 1983 communicauisset,
1031 1900 1116 1966 hano
1134 1921 1239 1967 meam
1258 1899 1320 1966 dis·

147 2018 356 2084 certationem
384 2039 541 2086 ornarem.
592 2020 666 2084 nolo
694 2020 727 2084 in
756 2018 908 2085 Latinum
935 2027 1125 2086 sermonem
1134 2026 1321 2116 conuertere

146 2135 330 2203 Buecheleri
348 2138 458 2222 uerba,
474 2159 514 2204 ne
528 2137 688 2204 deteriora
703 2139 794 2220 fiant,
817 2136 880 2219 sed,
904 2145 941 2203 ut
962 2138 1031 2223 ipse
1050 2139 1132 2216 iecit,
1156 2141 1218 2205 huo
1232 2146 1321 2204 tran·

147 2257 301 2323 scribam:
326 2255 510 2324 ‘Saeculum
533 2259 615 2324 steht
638 2281 680 2324 eu
703 2255 883 2324 Saeturnus
894 2257 937 2343 ³³)
959 2259 1026 2324 uod
1046 2259 1161 2324 kommt
1182 2279 1242 2325 coa
1263 2275 1321 2339 stt,

148 2395 267 2456 serere,
295 2377 361 2444 uod
382 2378 438 2458 do,
461 2380 518 2444 rote
538 2378 654 2462 perede
677 2378 758 2444 auch
780 2381 918 2444 Saturna
938 2377 1126 2462 mytholopie
1148 2379 1243 2462 reiqt,
1276 2379 1323 2445 oa·

147 2495 286 2562 Rdmern
313 2498 380 2563 aad
402 2496 555 2564 Griectco
586 2498 689 2564 michir
713 2498 940 2582 pewt‘tottcher
961 2497 1005 2563 ist
1026 2487 1077 2560 ils
1098 2498 1159 2562 das
1181 2498 1247 2564 hild
1268 2491 1323 2562 ἐπ’
1392 2574 1397 2584 ,

147 2607 254 2700 ἀρότῳ,
277 2607 420 2698 παίδων,
451 2623 524 2684 root
550 2644 594 2672 =
621 2617 811 2701 peschleoht,
840 2617 1002 2682 saeculum
1030 2645 1074 2672 =
1101 2609 1203 2699 persei.
1254 2616 1322 2682 dies

146 2736 198 2800 dte
220 2741 300 2801 erote
315 2735 486 2818 bedeotunp
502 2737 557 2802 des
572 2741 691 2804 mortes,
708 2735 808 2800 daher
823 2736 946 2801 haeret.
968 2734 1037 2800 fera
1051 2735 1156 2800 saecla
1169 2734 1321 2816 ferarum,

145 2853 251 2919 saecla
278 2854 457 2936 hominum,
488 2854 605 2920 bucera
636 2852 741 2919 saecla
762 2880 806 2908 =
830 2855 1019 2936 ‘sprossert’,
1053 2855 1153 2920 moria
1179 2855 1322 2921 dasselde

144 2973 211 3040 hild
243 2975 324 3059 ttcpt
350 2974 594 3058 ‘peschlechter’.
637 2975 688 3040 die
710 2974 969 3057 arithedanam
990 2973 1034 3041 et
1055 2973 1251 3039 emochtedeo
1273 2973 1323 3040 die
1412 2986 1416 2992 '

146 3113 350 3126 m

235 3200 275 3273 33)
297 3199 381 3258 Hanc
406 3200 483 3260 enim
511 3200 596 3260 huius
625 3199 749 3258 nominis
776 3199 900 3259 formem
929 3199 1058 3258 ostendit
1084 3198 1235 3272 inscriptio
1257 3215 1323 3258 uas-

144 3284 203 3344 culi
224 3285 318 3343 italici
339 3285 410 3344 CIL.
435 3286 501 3344 111.
525 3289 565 3346 48
596 3305 625 3359 p.
649 3287 715 3364 24;Ἰ
741 3280 939 3345 SAHTVRNI
966 3283 1164 3356 rodonem,
1195 3283 1250 3343 hoo
1279 3289 1323 3350 est

144 3370 284 3428 Sattarm'
301 3373 440 3446 pocotom.
484 3370 551 3429 hinc
573 3369 749 3430 Ritschelius
772 3368 829 3442 (De
844 3369 983 3435 fictilibus
1000 3369 1137 3434 litteratis
1151 3368 1323 3428 Latinorum

142 3447 368 3528 antiquissimis,
402 3456 523 3516 Bonnse
559 3458 656 3527 1853,
692 3472 754 3527 oep.
787 3456 812 3528 I)
850 3461 880 3514 et
911 3461 991 3514 recte
1026 3451 1207 3524 emendant,
1245 3453 1323 3525 quod

143 3545 189 3598 est
218 3540 296 3612 apud
323 3540 407 3599 Pauli
429 3543 547 3600 Festum
578 3560 606 3616 p.
638 3543 697 3602 323
722 3540 779 3599 M.:
816 3540 1005 3611 Sateornam,
1037 3542 1066 3598 et
1093 3538 1148 3596 hoc
1179 3553 1322 3596 nomena

141 3626 259 3684 serendi
285 3625 376 3684 uerbo
405 3625 568 3689 ducendum
598 3642 660 3685 esee
683 3625 790 3684 docuit.
835 3627 982 3683 saeculam
1004 3629 1034 3682 et
1057 3621 1216 3682 Saturnum
1238 3618 1323 3680 unius

143 3709 244 3783 stirpis
267 3727 330 3770 esse
351 3711 409 3769 iam
432 3711 485 3770 Ph.
502 3711 694 3771 Buttmannus
717 3710 890 3787 (Mythologi
904 3711 935 3770 lI
949 3729 977 3783 p.
995 3713 1050 3784 59)
1073 3708 1234 3779 suspicatus
1249 3712 1321 3780 erat,
1380 3715 1382 3722 '

143 3795 195 3869 qui
226 3796 327 3856 statuit
349 3803 439 3856 uetus
467 3797 640 3858 uocabulum
668 3794 757 3855 fuisse
785 3797 879 3855 satum
906 3796 953 3854 uel
974 3813 1086 3865 seeum,
1117 3793 1137 3851 i.
1160 3809 1186 3851 e.
1210 3811 1321 3864 aeuum,
1373 3838 1374 3842 ,

143 3868 235 3941 αἰών.
278 3881 468 3941 Ritschelium
490 3883 600 3941 soeculi
621 3881 746 3940 nominis
768 3898 866 3940 ueram
889 3881 1030 3953 originem
1053 3877 1199 3937 diuinasse
1221 3895 1259 3936 en
1278 3877 1323 3936 his

142 3968 208 4028 eius
229 3966 328 4026 uerbis
350 3973 471 4040 apparet
493 3967 524 4043 (l.
542 3967 570 4026 d.
593 3986 622 4041 p.
640 3967 687 4044 st:
711 3971 738 4026 ‘.
754 4013 760 4025 .
777 4012 784 4025 .
799 3983 852 4026 uec
873 3966 928 4024 hoc
948 3964 1147 4038 perspicimus,
1171 3961 1322 4036 quomodo,

142 4053 169 4112 si
191 4053 372 4112 aeternitatis
395 4053 586 4112 uetustatisue
608 4053 755 4112 notionem
778 4055 922 4111 saeculum
945 4067 1003 4108 uox
1017 4048 1120 4108 hebuit
1134 4047 1322 4125 primitiuam,

142 4138 212 4197 iude
240 4138 320 4197 nasei
346 4139 461 4212 generis
489 4138 536 4196 uel
563 4139 759 4211 generationis
787 4142 916 4211 potestas
943 4135 1086 4208 potuerit,
1118 4149 1203 4206 quom
1224 4132 1322 4190 saecla

143 4223 338 4297 animantum,
374 4224 532 4295 hominum,
560 4225 702 4296 serarum
736 4241 801 4283 oum
835 4221 977 4281 similibus
1011 4215 1194 4280 Lucretianis
1228 4215 1347 4290 palam'

143 4307 308 4419 testantur?
