3028 4830
155 605 240 671 aur
263 605 374 671 mures
396 604 584 686 resonare,
607 604 663 670 ser
683 604 781 670 etam
802 603 946 690 poscitur
966 604 1001 670 a
1021 604 1141 688 ipsum
1169 603 1198 668 α
1220 573 1326 668 alam

155 723 362 806 philosopho,
393 723 449 806 qui
476 721 581 787 soluta
609 699 755 788 oratione
782 723 903 804 utitur,
931 722 976 786 eis
1004 721 1226 788 tantummodo
1248 721 1326 786 locis
1405 765 1407 776 .

155 842 217 906 hoe
248 841 335 922 licet,
368 840 423 906 ubi
455 841 594 924 explicat
626 841 785 907 uocabula
813 862 886 922 sua,
920 859 1114 922 quamquam
1142 840 1328 924 paucissimi

157 958 340 1042 philosophi
358 959 445 1035 *huic
476 959 538 1043 legi
570 963 638 1024 tam
671 959 819 1042 religiose
852 957 1039 1039 oboediunt,
1073 980 1169 1041 quam
1201 958 1327 1023 debent.

157 1078 199 1142 ad
220 1081 334 1162 poetas
357 1083 465 1141 autem
487 1077 597 1142 eadem
619 1077 671 1142 lex
693 1097 758 1142 non
780 1078 921 1160 pertinet
943 1098 981 1142 ac
1001 1098 1042 1142 ne
1063 1077 1106 1142 ad
1122 1098 1175 1142 eos
1190 1076 1326 1159 quidem,
1432 1057 1434 1060 ⁵

155 1199 210 1281 qui
231 1195 513 1281 philosophantur.
558 1195 658 1260 ueluti
680 1215 1009 1278 quamquamsaxum
1030 1195 1159 1260 minime
1181 1201 1230 1260 est
1244 1194 1328 1260 idem

154 1321 252 1399 aque
273 1315 357 1399 lapis
380 1314 474 1397 (run.
490 1337 521 1384 a.
537 1315 567 1380 a.
583 1313 718 1379 xxxvi
733 1319 774 1382 υτ
796 1314 875 1400 (49),
903 1320 962 1381 roo
979 1337 986 1378 ι
1004 1315 1100 1398 [αυτ
1120 1313 1255 1400 arrae]
1274 1315 1328 1378 au
1420 1316 1426 1326 ·

154 1437 327 1515 inuenitur,
363 1435 447 1516 lapis
480 1454 542 1499 σου
576 1453 691 1499 sorore
722 1435 799 1517 est),
835 1439 944 1498 tamen
975 1432 1141 1498 Lucretius
1169 1432 1214 1498 Vl
1247 1439 1327 1500 1062

160 1551 309 1617 uariandi
330 1573 427 1616 causa
448 1556 506 1616 aut
527 1557 630 1617 metro
649 1552 874 1636 obtemperans
889 1573 1004 1618 aaaron
1018 1550 1127 1635 posuit
1140 1551 1200 1635 pro
1216 1552 1329 1634 lapide.
1409 1617 1411 1624 ,

155 1675 252 1753 atque
280 1670 340 1735 hoc
366 1691 425 1735 suo
452 1670 522 1735 iure
549 1669 639 1753 fecit,
668 1671 755 1754 quod
781 1691 831 1736 ne·
848 1670 876 1736 is
897 1669 1026 1753 quidem
1054 1669 1199 1736 obliuisci
1225 1669 1328 1751 debet,

155 1789 211 1872 qui
238 1789 319 1854 artis
346 1788 503 1854 uocabula
530 1795 764 1874 perscrutatur.
808 1789 971 1855 rarissime
996 1788 1098 1874 igitur
1118 1787 1240 1854 factum
1261 1809 1330 1854 esse

155 1907 300 1988 uidetur,
329 1913 368 1972 ut
393 1929 460 1986 res,
473 1949 477 1954 ·
490 1903 587 1992 quam
609 1909 767 1993 Epicurus
790 1913 976 1975 constanter
996 1928 1062 1972 uno
1083 1907 1211 1972 nomine
1232 1907 1352 1990 signi--

155 2024 281 2105 ficauit,
316 2046 336 2089 a
364 2025 511 2091 Lucretio
544 2046 670 2109 quoque
696 2046 762 2093 uno
792 2045 917 2111 semper
945 2025 1073 2090 nomine
1100 2025 1328 2110 appellaretur.

158 2141 245 2226 quod
271 2141 399 2223 quidem
426 2148 568 2226 arguunt
598 2140 824 2232 συμβεβηκότα
851 2149 884 2209 et
912 2138 1141 2226 συμπτώματα
1166 2143 1270 2227 (Diog.
1293 2143 1328 2207 L.

122 2337 126 2341 .
158 2264 188 2327 X
210 2265 251 2328 68
261 2267 352 2361 574
375 2281 454 2332 cum,
469 2260 626 2328 Gassendi
647 2259 871 2344 adnotatione3
895 2262 933 2327 cf.
957 2262 1053 2327 etiam
1076 2261 1190 2328 Zelleri
1210 2261 1329 2327 Philos.

157 2379 267 2446 Graec.
301 2379 350 2444 111
392 2386 432 2446 12
466 2402 498 2464 p.
533 2385 605 2448 372.
665 2382 700 2448 F.
734 2380 1001 2465 Hildebrandtus,
1047 2381 1082 2447 T.
1117 2376 1256 2446 Lucretii
1292 2379 1330 2445 de

156 2498 341 2584 primordiis
363 2497 526 2582 doctrina,
555 2499 703 2585 Magdeb.
729 2505 826 2582 1864,
849 2522 880 2584 p.
903 2503 965 2580 12).
1009 2522 1074 2566 non
1095 2501 1180 2596 enim
1201 2499 1330 2565 inuenio

48 2629 50 2634 '
156 2638 216 2682 nec
238 2617 326 2701 apud
340 2617 515 2700 Epicurum
537 2640 594 2684 nec
617 2619 703 2702 apud
719 2619 911 2704 Epicureum
932 2639 1124 2702 quemquam
1143 2620 1278 2702 proprio
1298 2625 1331 2683 et

158 2738 337 2803 aduenticia
374 2735 437 2800 alio
474 2736 629 2816 uocabulo
664 2737 851 2830 significari,
885 2757 943 2802 nec
975 2737 1141 2805 Lucretius
1171 2735 1214 2802 τὰ
1247 2758 1329 2820 συμ-

159 2847 322 2940 βεβηκότα
354 2855 417 2919 alio
452 2876 548 2938 quam
582 2843 814 2924 coniunctorum
846 2857 975 2923 nomine
1000 2857 1247 2940 interpretatur,
1275 2877 1332 2920 nec

158 2971 200 3038 τὰ
223 2966 453 3058 συμπτώματα
475 2975 539 3040 alio
561 2995 658 3058 quam
680 2982 867 3044 eaeotoruoa.
912 2975 990 3042 haec
1011 2978 1179 3059 praeterea
1200 2965 1349 3040 nomina⁵

157 3092 245 3178 apud
269 3093 453 3159 Lucretium
469 3093 604 3177 optima
626 3095 706 3158 artis
727 3094 957 3162 uocabulorum
978 3094 1124 3180 exempla
1146 3099 1236 3175 sunt;
1264 3094 1330 3178 pri·

157 3232 245 3276 mum
277 3212 361 3277 enim
389 3214 555 3297 pertinent
583 3212 625 3278 ad
653 3214 757 3296 ipsam
784 3213 1020 3300 philosophiam
1046 3237 1105 3281 nec
1131 3219 1330 3298 usurpantur

66 3389 70 3396 .
159 3328 198 3393 de
227 3329 290 3396 aha
316 3353 352 3397 re
379 3331 441 3397 nisi
463 3328 590 3398 mutata
611 3333 742 3399 notione
763 3353 804 3396 ac
822 3338 998 3416 potestate3
1026 3334 1139 3400 deinde
1160 3336 1259 3417 poeta
1279 3331 1329 3396 his

159 3446 325 3514 uocabulis
347 3451 471 3518 Graeca
492 3452 652 3518 uocabula
673 3451 920 3534 interpretatur,
943 3473 1024 3536 quae
1045 3453 1117 3536 ipsa
1139 3471 1266 3534 quoque
1287 3448 1330 3515 ad

157 3572 261 3632 artem
283 3568 461 3651 pertinent;
485 3571 620 3654 denique
641 3569 697 3636 ubi
719 3570 764 3635 eis
785 3571 898 3653 utitur,
919 3577 957 3636 ut
971 3571 1040 3636 fieri
1055 3569 1157 3651 debet,
1174 3569 1328 3670 explicat,

158 3706 223 3769 qua
256 3689 290 3752 ui
322 3708 360 3752 ea
393 3687 536 3772 intellegi
569 3689 657 3754 uelit.
709 3690 871 3774 eleganter
905 3690 989 3754 enim
1021 3688 1217 3756 definiuntur
1250 3689 1329 3756 haec

158 3805 289 3870 nomina
310 3789 360 3870 his
381 3804 505 3872 uerbis:
528 3823 538 3842 ⁸
896 3799 901 3810 ’

179 3947 192 4005 I
216 3949 275 4007 451
311 3947 496 4006 coniunctum
518 3945 614 4005 estid
636 3948 714 4020 quod
735 3965 876 4022 nusquam
898 3949 959 4007 sine
981 3949 1131 4023 perniciali
1182 3948 1191 3961 '

311 4048 432 4108 discidio
455 4049 532 4126 potis
554 4054 599 4108 est
620 4050 731 4123 seiungi
754 4065 842 4124 seque
864 4051 990 4124 gregori.

179 4185 193 4243 1
215 4185 276 4245 456
686 4227 742 4243 ...
767 4200 888 4272 quorum

310 4286 439 4346 aduentu
460 4285 730 4345 manetinoolumis
751 4289 855 4346 natura
876 4286 1023 4362 abituque‚

310 4387 382 4450 haec
404 4387 483 4449 soliti
504 4404 610 4462 sumus,
632 4393 665 4450 ut
685 4405 739 4464 par
761 4395 814 4464 est,
837 4395 942 4451 euentu
963 4405 1077 4450 uocare.
