3028 4830
647 403 798 495 -m—

225 579 364 666 Luoreiii
407 602 561 667 sermonis
606 599 797 666 simillimum
842 619 910 666 assa
954 599 1113 666 Ciceronis
1156 599 1306 683 loquendi

73 737 76 746 ·
142 740 242 802 genus
273 719 438 785 declarant
459 719 493 784 hi
513 720 589 786 loci:
619 721 741 788 Aoodd.
763 717 842 802 post
866 716 933 795 17,
957 725 1013 787 27:
1041 721 1170 786 interire
1191 741 1253 784 ooo
1273 719 1308 784 im

143 835 285 920 militam,
310 841 367 904 sed
385 840 419 903 io
441 859 519 905 suos
534 846 656 922 partes.
701 840 739 904 de
759 840 826 921 foto
848 844 878 920 9,
909 844 962 905 18:
984 844 1020 904 ut
1041 839 1078 904 de
1099 838 1198 904 nihilo
1220 837 1308 920 quim

143 957 230 1036 piam
262 959 328 1039 fiat.
378 957 415 1022 de
449 958 580 1023 diuinet.
609 957 641 1021 11
666 963 719 1038 16,
744 963 798 1024 37:
830 958 890 1022 erit
916 958 1051 1041 aliquid,
1080 957 1163 1042 qood
1188 962 1244 1022 aot
1270 975 1309 1021 em
1417 1011 1419 1018 ,

145 1073 241 1140 nihilo
271 1077 393 1142 miotur
421 1083 477 1141 out
497 1077 532 1140 im
552 1077 686 1142 nihilum
709 1077 811 1143 subito
834 1077 960 1143 occidat.
1007 1077 1093 1145 Phil.
1116 1075 1177 1140 VH
1199 1079 1228 1156 9,
1252 1079 1307 1140 27:

144 1192 226 1257 imno
247 1199 367 1260 tamtam
390 1200 477 1260 tuom
499 1201 688 1278 apparotmn
704 1202 833 1280 'tamque
851 1195 1053 1286 proaolarmn
1069 1217 1108 1262 me
1121 1195 1165 1261 ad
1178 1193 1310 1260 millium

141 1312 294 1378 recalere
309 1314 446 1393 patiore.
489 1312 670 1378 Lucretium
692 1313 836 1378 imitatus
858 1319 907 1379 ast
928 1313 1057 1379 Persius
1077 1313 1125 1378 ΠΙ
1142 1317 1195 1380 83:
1222 1313 1311 1397 pipeti

144 1429 181 1494 de
202 1429 268 1494 milo
289 1431 396 1512 milam,
419 1432 453 1496 m
474 1432 574 1498 milam
595 1433 644 1497 mil
658 1453 756 1517 posse
777 1435 901 1500 reuerti.
939 1432 1122 1498 conferatur
1142 1435 1310 1515 praeterea

146 1546 303 1632 Epicurus
333 1570 384 1632 ap.
411 1550 501 1634 Diog.
533 1551 568 1616 L.
597 1551 626 1614 X
650 1556 706 1619 38:
740 1553 873 1638 πρῶτον
898 1548 967 1634 μέν,
995 1545 1047 1616 ὅτι
1074 1545 1166 1616 οὐδὲν
1187 1544 1311 1634 γίνεται

145 1661 181 1730 ἐκ
202 1669 261 1732 τοῦ
280 1665 326 1754 μὴ
346 1661 449 1747 ὄντος.
493 1669 535 1735 id.
558 1670 602 1736 ib.
626 1675 682 1738 39:
706 1667 761 1735 καὶ
783 1665 811 1734 εἰ
834 1666 1010 1758 ἐφθείρετο
1032 1667 1070 1735 δὲ
1092 1668 1130 1735 τὸ
1152 1663 1309 1756 ἀφανιζό-

143 1807 240 1865 μενον
260 1781 308 1863 εἰς
327 1785 366 1852 τὸ
380 1786 423 1875 μὴ
438 1781 484 1872 ὅν,
501 1782 598 1853 πάντ)
612 1780 652 1852 ἂν
667 1783 841 1854 ἀπωλώλει
855 1788 897 1854 τὰ
912 1785 1098 1877 πράγματα.
1133 1791 1176 1857 id.
1190 1790 1234 1856 ib.
1251 1795 1308 1856 41:

18 1980 23 2003 o
144 1897 238 1991 εἴπερ
264 1904 308 1992 μὴ
335 1903 448 1989 μέλλει
475 1902 586 1973 πάντα
612 1904 660 1985 εἰς
685 1906 723 1973 τὸ
750 1905 795 1994 μὴ
821 1899 857 1972 liv
879 1903 1128 1997 φθαρήσεσθαι.
1177 1906 1308 1991 Empod.

145 2030 270 2090 45-49
287 2024 385 2090 Stein.
402 2025 647 2111 (=109-111,
673 2034 732 2093 124
749 2048 796 2109 sq.
814 2027 878 2096 Sto.
894 2033 1070 2110 347-349,
1088 2035 1125 2096 81
1144 2049 1191 2110 sq.
1206 2025 1310 2112 Krst.)

233 2157 306 2223 Non
340 2160 487 2227 omnibus
519 2163 609 2246 locis,
644 2164 700 2229 nbi
728 2162 815 2246 apud
839 2163 1020 2229 Lucretium
1046 2165 1094 2230 nil
1118 2161 1310 2228 uocabulum

147 2275 297 2360 flectitur,
324 2275 363 2343 τὸ
388 2277 432 2366 μὴ
459 2271 495 2344 ὅν
523 2281 730 2366 significatur.
775 2282 964 2373 duodeciens
985 2282 1069 2348 enim
1090 2282 1120 2369 (I
1142 2287 1213 2349 359.
1237 2286 1309 2348 697.

145 2395 176 2460 11
199 2397 349 2462 57:111
373 2400 520 2466 so=vr
543 2406 592 2467 37.
615 2373 659 2464 rs
671 2375 762 2471 1118.
784 2403 833 2467 111
855 2408 905 2470 ss.
931 2408 1021 2471 mso.
1041 2408 1131 2471 mss.
1154 2401 1199 2466 iv
1217 2406 1308 2468 mm.

144 2513 266 2582 Vtro.
300 2519 395 2604 1230)
423 2521 488 2587 milo
517 2526 565 2586 est
591 2521 754 2588 ablatiuus
783 2524 838 2607 qui
865 2522 981 2588 dieitur
1009 2520 1211 2604 quantitatis.
1254 2520 1310 2585 =bis

145 2778 228 2834 terea
248 2777 320 2837 nihil
342 2779 521 2858 mutandum,
544 2782 680 2854 sandius
701 2786 797 2840 autem
819 2798 882 2839 oum
904 2780 1018 2839 mortali
1037 2777 1213 2852 iungendum
1234 2793 1306 2850 esse,

147 2864 232 2932 atque
248 2864 289 2921 sio
303 2865 417 2937 scripsit
430 2865 460 2922 in
475 2883 526 2924 sua
541 2866 676 2926 editione.
710 2883 766 2939 qua
780 2867 893 2924 ratione
909 2864 1050 2939 quomodo
1069 2881 1121 2939 que
1136 2862 1203 2935 poni
1219 2863 1310 2934 possit

146 2961 203 3004 non
229 2948 373 3022 intellego.
418 2948 597 3011 Lachmanni
615 2952 843 3012 emendationem
865 2957 915 3010 ant
936 2965 1035 3009 ueram
1057 2963 1121 3008 esse
1143 2952 1194 3005 ant
1208 2947 1308 3006 saltem

144 3030 182 3089 ad
204 3048 304 3091 nerum
325 3036 454 3107 proxime
476 3039 613 3097 accedere
635 3039 759 3109 primurn
773 3037 841 3096 inde
855 3037 1037 3109 perspicuum
1052 3038 1104 3104 ast,
1127 3032 1205 3106 qnod
1219 3032 1310 3092 uerba

143 3117 196 3174 limo
224 3119 332 3176 aceedit
357 3121 433 3192 apud
456 3121 621 3181 Lucretium
648 3140 707 3180 non
733 3123 884 3196 leguntur,
915 3122 970 3180 nisi
996 3121 1053 3191 ita,
1083 3124 1116 3176 ut
1143 3118 1222 3177 nullo
1251 3118 1308 3176 alio

144 3203 284 3261 uocabulo
305 3203 455 3264 interiecto
475 3208 516 3264 uti
537 3209 614 3282 (ante
636 3209 762 3267 nocalem
784 3217 830 3280 ut;
851 3206 886 3266 ol.
902 3205 1130 3277 Maur.-Hauptii
1142 3204 1307 3265 Obseruatt.

146 3286 208 3344 orit.
236 3306 264 3361 p.
293 3293 329 3349 17
360 3295 389 3348 et
416 3291 732 3353 Lachmadll322.
756 3294 893 3367 111954)
921 3298 1057 3365 sequatur
1084 3290 1108 3361 (l
1139 3291 1207 3346 192.
1235 3292 1306 3348 215.

148 3373 217 3430 565.
240 3375 310 3432 753.
333 3375 361 3433 Il
384 3377 454 3436 398.
481 3381 570 3437 1077.
593 3379 636 3437 Ill
659 3380 729 3437 459.
754 3379 794 3437 VI
817 3382 888 3438 959.
915 3380 1009 3449 10203
1036 3374 1174 3434 hocloco
1197 3373 1309 3432 codices

145 3455 266 3518 habent:
288 3459 341 3516 leuc
362 3461 470 3518 accedit
490 3463 561 3538 mem,
585 3483 674 3540 quare
695 3473 780 3540 queat
799 3464 830 3521 id
850 3463 939 3541 mopis
961 3481 1019 3520 esse
1041 3462 1110 3518 itaer
1132 3453 1240 3534 quoque
1261 3476 1308 3515 res

145 3541 305 3602 adiumento
332 3555 460 3622 motuque
486 3547 614 3619 iuuatur,
643 3551 740 3625 qaod.
758 3594 790 3608 ..
815 3565 851 3608 ex
873 3548 917 3606 his
939 3548 1140 3607 Lachmannus
1161 3547 1254 3613 recte,
1276 3548 1309 3601 nt
1341 3599 1347 3608 .

144 3626 273 3700 uidetur,
302 3627 372 3688 fecit
397 3632 450 3689 luo
477 3633 585 3691 accedit
609 3635 686 3692 otei.
704 3679 735 3692 ..
764 3634 891 3704 immotum
919 3634 1024 3692 Munro
1047 3631 1094 3687 ‘ln
1116 3629 1175 3700 his,
1204 3628 1308 3702 inquit,

143 3728 180 3770 ne
208 3731 294 3772 unam
321 3716 435 3786 quidem
461 3716 587 3776 litteram
614 3720 733 3778 mutaoi.
777 3738 867 3794 quare
887 3765 893 3777 .
911 3764 943 3778 ..
971 3719 1086 3776 iuuatur
1107 3714 1204 3774 toruis
1224 3713 1308 3772 lineis

143 3796 263 3869 inolnsi;
291 3815 358 3856 nam
376 3787 502 3874 ipporet
525 3806 603 3861 1022
627 3807 704 3881 quod
721 3804 759 3863 ab
781 3804 889 3863 accedit
909 3801 1075 3878 pendore’);
1104 3799 1208 3858 deinde
1231 3799 1307 3872 quod

143 3901 229 3960 usque
251 3884 392 3944 simillime
416 3893 571 3960 usurpatur
592 3890 606 3946 l
628 3891 704 3948 553:

549 4027 746 4083 ...corpora
766 4007 898 4066 materiai

346 4109 434 4167 usqae
453 4095 571 4151 redacta
584 4095 689 4165 forent
708 4112 779 4151 aeuo
793 4094 951 4170 fronpemte
969 4091 1078 4167 priore.

141 4207 228 4264 etiam
251 4208 419 4268 Leonardns
442 4211 610 4286 Spengslins
638 4209 716 4286 (θεῖ.
745 4231 824 4270 anza.
852 4213 879 4268 d.
907 4211 934 4268 lc.
957 4211 1052 4286 θοντο.
1075 4209 1160 4267 aliod.
1183 4207 1210 4264 d.
1232 4205 1305 4264 miss.

145 4294 222 4352 1851
248 4311 276 4368 p.
301 4297 373 4369 788)
395 4296 542 4369 pulchram
565 4314 626 4357 esse
647 4297 756 4357 indicat
777 4295 954 4378 Lachmanni
975 4294 1210 4356 emendationem.
