3028 4830
658 389 812 480 *re-

163 587 211 646 lll
233 589 295 649 886
339 604 417 659 nam·
429 587 453 645 si
474 588 508 645 in
526 593 622 648 marne
642 590 782 684 malumst
801 591 887 650 merlis
907 607 1063 664 manuque
1076 593 1218 664 serarum

324 689 462 748 ¹tractari
477 733 484 750 .
502 734 534 750 ..

211 837 303 898 ven
496 841 606 903 ...au
628 843 761 902 salntem
782 849 865 902 term
877 827 1017 914 serm

340 942 525 1002 nuncetiam
547 943 631 1004 scatit
653 950 683 1003 et
703 946 818 1018 trepido
840 951 953 1004 terrere
974 944 1087 1026 repleta
1108 951 1153 1004 est

340 1059 393 1116 per
415 1059 534 1102 nemora
551 1061 589 1102 ae
611 1052 723 1104 montes
745 1062 864 1120 magnos
882 1043 1031 1118 ¹siluasque
1053 1045 1219 1120 prolundnn.

187 1198 212 1253 V
235 1197 301 1254 218
339 1199 492 1268 praeterea
513 1213 603 1270 genus
625 1197 800 1260 horriferum
821 1203 926 1258 natura
939 1198 1081 1270 ferarum

340 1297 483 1356 humanae
504 1299 583 1371 genti
605 1297 741 1383 infestum
762 1306 900 1373 terreque
922 1299 1053 1371 merique
1111 1372 1114 1375 ῃ

341 1417 392 1458 eur
412 1399 465 1458 alit
484 1406 570 1472 atque
590 1399 698 1474 auget?

189 1552 213 1609 V
236 1553 296 1610 865
341 1524 407 1610 nam
429 1551 533 1624 cupide
555 1549 654 1626 sugere
675 1558 753 1622 (ones
774 1553 858 1611 donea
879 1553 954 1632 equi)
967 1555 1066 1624 ferae.

188 1704 213 1760 V
238 1705 298 1763 980
496 1704 647 1777 .‡.qu0d
667 1706 761 1764 saecla
774 1707 915 1778 ferarum

312 1811 314 1814 ’
338 1801 474 1862 infestam
496 1805 610 1864 miseris
631 1804 776 1866 faciebant
796 1823 882 1880 saepe
905 1810 1041 1881 quietem,

341 1961 416 2020 uuus
437 1957 515 2016 enim
536 1963 599 2015 tum
622 1959 743 2032 quisque
766 1960 857 2034 magis
880 1960 1039 2034 deprensus
1061 1949 1161 2020 eor'um

190 2055 216 2116 V
238 2060 300 2120 989
342 2057 449 2132 pabula
470 2059 538 2118 uiua
551 2059 631 2131 serie
652 2061 820 2132 praebebat.

179 2212 215 2270 Vl
241 2215 297 2272 198
494 2214 665 2283 ...menreb
686 2214 717 2272 in
738 2215 892 2288 eaueisqne
905 2215 1046 2286 serarum
1068 2228 1148 2270 more
1163 2211 1319 2270 minantur.
1345 2271 1352 2288 ,

341 2367 489 2451 multaque
510 2347 591 2422 immi
613 2381 678 2424 aum
699 2367 850 2450 inhumata
870 2368 998 2446 iacerent
1021 2380 1144 2440 corpora
1164 2361 1252 2437 snpra

150 2468 190 2525 Vl
217 2470 297 2526 1214
341 2468 519 2541 corporibus,
541 2473 640 2526 tamen
661 2467 782 2527 alituum
804 2485 895 2542 genus
915 2475 1003 2554 atque
1017 2471 1158 2543 serarum

341 2573 392 2628 aut
412 2570 514 2641 procul
534 2568 688 2629 absiliebat
704 2616 710 2630 .
728 2615 735 2630 .
753 2616 760 2630 .

148 2733 290 2798 eiusdem
318 2733 382 2822 fere
411 2735 535 2818 generis
563 2739 640 2798 sunt
667 2754 722 2799 eee
749 2735 886 2816 bestiae,
914 2753 996 2818 quae
1022 2734 1057 2798 in
1078 2731 1208 2818 proeliis
1230 2729 1319 2794 edhi-

148 2851 323 2933 bebantur,
356 2857 393 2916 ut
426 2853 574 2942 vhemines
602 2852 781 2917 lacerarent
808 2859 904 2934 etque
932 2829 1095 2932 necarent,
1129 2850 1218 2915 uelut
1247 2849 1320 2931 apri

147 2969 255 3034 leones
278 2971 373 3051 tauri,
396 2992 478 3053 quae
499 2976 607 3036 tamen
628 2993 744 3055 perum
765 2972 895 3037 idoneas
918 2992 952 3037 se
973 2969 1193 3054 praebebant:.

169 3127 194 3184 V
219 3129 299 3187 1336
343 3127 515 3202 diffugiebat
537 3131 614 3188 enim
636 3131 750 3189 nerium
772 3147 862 3204 genus
884 3146 969 3188 omne
982 3130 1131 3201 ferarum.

150 3276 211 3341 hoe
232 3296 331 3359 genus
352 3276 500 3360 inprimis
521 3278 742 3364 magnitudine
763 3295 933 3362 corporum
955 3275 1095 3342 excellit:

417 3487 420 3494 ,
496 3432 678 3513 ...(tellaa)
699 3451 772 3508 qnae
793 3440 896 3494 cuneta
918 3434 1028 3493 creauit

161 3538 190 3595 ll
217 3539 296 3596 1152
341 3535 434 3596 saecla
456 3536 593 3610 deditque
607 3537 747 3608 ferarum
769 3535 898 3608 ingentia
919 3549 1041 3607 corpora
1063 3537 1158 3606 partu.

150 3685 227 3768 quin
250 3683 438 3767 elephantus
460 3683 529 3767 ipse
549 3705 589 3750 ex
611 3684 751 3750 ferarum
774 3703 905 3764 numero
927 3686 985 3762 est,
1008 3699 1081 3745 eum
1095 3679 1179 3743 hune
1193 3695 1319 3759 queque

149 3809 307 3869 uenentur
328 3803 486 3870 homines:
925 3871 932 3904 ,
980 3883 983 3892 ,

494 4003 526 4020 ..
544 4004 550 4018 .
567 3959 649 4016 ludia
671 3972 794 4030 qnorum

268 4110 273 4114 .
342 4062 457 4120 milibus
479 4079 495 4120 e
518 4060 615 4118 multis
637 4047 721 4119 uallo'
736 4059 864 4116 munitur
887 4057 1006 4129 eburna,

183 4165 213 4224 ll
237 4168 297 4224 539
343 4169 375 4222 ut
395 4164 510 4237 penitus
532 4167 656 4236 nequeat
677 4163 837 4236 penetrari:
861 4165 943 4220 tanta
956 4161 1095 4235 ferarum

342 4265 387 4323 uis
408 4269 461 4325 est.
535 4279 538 4284 ’
