3028 4830
704 383 749 446 29.

650 466 801 476 ....—.....

472 630 478 643 .
496 631 502 643 .
520 630 527 643 .
544 583 686 658 effetaque
708 585 792 644 tellus

144 691 170 749 ll
195 691 274 749 1151
321 687 370 746 uix
393 686 531 746 animalia
553 705 643 760 parua
665 693 752 746 creat.

152 859 191 916 IV
219 859 277 918 114
472 856 683 918 ...animalia
705 862 771 914 sunt
792 857 848 914 iam
870 858 976 928 partim
997 854 1117 926 tantula,
1141 870 1261 926 quorum

318 959 407 1016 tertia
428 975 495 1032 pars
516 959 595 1016 nulla
610 959 707 1029 possit
728 958 840 1015 ratione
858 959 951 1017 uideri
962 959 1012 1032 ²⁰).

420 1148 423 1154 ’
473 1173 478 1184 .
498 1171 504 1185 .
522 1173 529 1188 .
544 1127 668 1200 plurima
691 1127 797 1186 debent
819 1126 987 1193 (simulacra
999 1128 1117 1204 flueret

152 1229 192 1287 IV
216 1230 278 1286 859
323 1245 359 1286 ex
381 1224 562 1300 animanda,-
585 1245 667 1302 quae,
690 1230 758 1301 quia
779 1235 846 1287 sunt
867 1231 994 1288 exercita
1014 1235 1103 1299 motu,
1149 1292 1152 1298 ,

321 1330 411 1387 multa
432 1347 485 1400 per
506 1346 538 1386 os
561 1331 742 1402 exhalantur,
765 1327 829 1394 crim
851 1331 987 1404 languida
1007 1331 1153 1398 anbelant,

320 1431 465 1503 multaque
488 1449 540 1503 per
562 1432 694 1490 sudorem
716 1450 751 1489 ex
774 1433 833 1490 alto
855 1449 957 1508 pressa
979 1430 1172 1514 feruntur21).

147 1633 210 1696 quo
237 1613 307 1677 loeo
334 1613 483 1678 anbelant
510 1613 650 1677 ostendit
671 1617 798 1697 potitam
823 1614 861 1680 de
884 1613 986 1698 specie
1008 1613 1115 1696 aliqua
1137 1613 1308 1696 cogitasse3

156 1789 195 1845 IV
219 1790 279 1846 9813
325 1804 383 1845 non
405 1789 535 1848 homines
556 1791 656 1863 solum,
681 1789 731 1847 sed
752 1805 822 1846 uero
835 1788 983 1847 ¹animcdia
1005 1795 1107 1846 cuncta

145 1952 229 2017 idem
262 1973 320 2035 per
352 1953 476 2016 somnia
507 1954 615 2018 uidere
650 1954 814 2040 dicuntur,
852 1953 936 2035 quod
969 1953 1139 2037 uigilantes
1171 1957 1313 2017 tractare

149 2071 260 2136 solent.
313 2071 421 2134 statim
448 2073 583 2156 exempli
613 2073 718 2155 gratia
745 2093 858 2152 equoS,
893 2092 1001 2152 canes,
1038 2070 1182 2134 uolucres
1210 2069 1313 2150 affert,

150 2210 263 2272 nempe
283 2210 347 2253 non
368 2189 515 2256 omnibus
537 2181 756 2256 animantibus
779 2191 902 2254 somnia
924 2195 1013 2269 sunt,
1037 2189 1099 2284 'sed
1121 2187 1312 2270 quibusdam

128 2285 274 2372 'tantum
297 2297 496 2374 animalibus.

109 2659 111 2664 ’
149 2637 176 2696 V
194 2639 263 2700 311,
281 2638 350 2698 329.
374 2637 415 2696 Vl
432 2640 503 2696 242.
548 2637 613 2714 (hoc
635 2637 750 2709 quidem
771 2642 916 2709 postremo
939 2636 1001 2694 loco
1018 2635 1218 2694 Lachmannus
1238 2636 1315 2708 quod

150 2723 244 2779 estin
266 2721 412 2782 codicibus
433 2723 602 2780 monimenta
620 2714 724 2792 ¹reiecit
746 2730 775 2779 et
796 2725 919 2780 lancata
941 2721 1072 2793 scripsit,
1103 2721 1153 2779 sed
1175 2738 1239 2779 eum
1261 2722 1315 2779 hoc
1381 2726 1387 2746 ³

151 2806 227 2864 male
252 2805 351 2866 iecisse
379 2808 561 2865 consentiunt
587 2807 730 2880 Bergkius
758 2806 799 2882 [in
821 2807 903 2868 lahni
930 2806 1035 2863 Annel.
1058 2805 1166 2863 LXVII
1188 2823 1216 2877 p.
1240 2803 1314 2880 326]

153 2890 303 2950 Goebelius
325 2891 454 2967 [Quaest.
470 2893 555 2951 Lucr.
572 2909 601 2967 p.
618 2891 671 2966 26]
690 2892 818 2964 Munro.)
862 2892 904 2951 sic
925 2891 1069 2948 sententia
1089 2890 1162 2948 bene
1184 2889 1317 2964 procedit
1354 2957 1355 2962 η

151 2981 181 3034 et
207 2976 320 3034 litterae
349 2975 479 3035 codicum
508 2994 592 3050 quam
619 2977 831 3049 religiosissime
860 2981 1029 3046 seruantur,
1059 2991 1125 3032 nam
1147 2975 1316 3033 animalibus

150 3067 269 3133 propter
297 3058 421 3121 uicinam
438 3062 543 3138 primia
565 3061 639 3120 male
661 3062 811 3135 irrepsisse
833 3060 916 3120 facile
939 3065 1067 3133 apparet.
1111 3061 1181 3118 item
1202 3061 1230 3118 ll
1253 3063 1312 3119 943

100 3153 104 3158 ’
149 3153 302 3218 postquam
331 3165 368 3215 ex
390 3148 533 3206 animante
554 3147 583 3206 ia
605 3145 712 3204 factum
735 3153 780 3205 est
800 3137 987 3217 animantem,
1012 3147 1098 3204 etiam
1120 3165 1231 3223 quaque
1253 3162 1314 3202 mu-

150 3237 242 3290 tatum
263 3238 307 3290 est
327 3233 359 3290 in
379 3252 518 3310 quamque
542 3230 620 3309 (uide
642 3236 769 3315 anpotat.
796 3238 832 3292 16
856 3249 943 3306 supra
964 3249 993 3305 p.
1016 3231 1079 3308 24).

240 3349 281 3425 ²⁰)
303 3350 416 3422 Lotzio,
439 3351 488 3423 qui
510 3349 665 3426 (Philologi
680 3351 733 3410 VII
747 3368 775 3423 p.
793 3350 852 3408 733
870 3351 925 3422 sq.)
946 3367 1048 3410 uersus
1066 3350 1212 3423 proximos
1226 3350 1318 3423 respi-

152 3434 230 3493 ciens
256 3435 342 3492 scribi
364 3437 427 3494 uult
447 3444 548 3495 extera
565 3455 648 3511 pare,
673 3435 807 3494 assentiri
831 3451 888 3492 non
910 3452 1034 3509 possum,
1057 3451 1149 3507 neque
1171 3436 1218 3493 hic
1239 3436 1318 3508 quic-

152 3536 238 3592 quam
259 3519 426 3578 mendosum
448 3536 510 3579 esse
532 3519 614 3580 duco.

242 3639 282 3713 21)
304 3637 367 3697 Hac
393 3655 526 3697 uersuum
546 3633 770 3712 transpositione
792 3637 1006 3697 Lachmannum
1027 3641 1106 3696 recte
1127 3637 1203 3696 huno
1223 3637 1318 3696 locum
1391 3703 1395 3710 ,

152 3722 319 3781 emendasse
346 3739 398 3782 nec
428 3721 540 3783 felicem
560 3721 648 3782 fuisse
670 3725 842 3782 Munronem
863 3722 948 3795 puto',
980 3723 1029 3794 qui
1050 3738 1185 3781 uersuum
1206 3722 1318 3794 ordine,

152 3808 247 3880 qualis
265 3813 308 3866 est
321 3808 352 3865 in
367 3807 521 3881 codicibus,
544 3814 667 3885 seruato,
693 3809 807 3867 sublata
821 3807 1016 3866 tantummodo
1031 3807 1117 3880 plena
1132 3807 1316 3866 distinctione

30 3905 35 3912 ·
152 3893 221 3951 huic
242 3892 305 3951 loco
327 3893 436 3952 mederi
458 3899 576 3954 conatus
598 3899 642 3954 est
664 3894 705 3954 sic
725 3892 894 3953 scribendo:

459 4031 614 4091 ...quaa
638 4012 706 4089 qaia
726 4021 791 4070 suat
811 4011 938 4071 eaeraica
959 4018 1042 4082 mota,

307 4100 448 4173 maoaqaa
465 4117 522 4174 per
543 4099 674 4156 sudorem
697 4117 734 4156 aa
756 4100 813 4156 alto
830 4115 936 4174 pressa
949 4097 1098 4168 feruntur,
1176 4163 1179 4168 ¹
1270 4163 1272 4170 ‚

308 4184 401 4241 multa
413 4201 470 4260 per
491 4202 523 4240 os
544 4184 725 4255 ambulantur,
749 4200 812 4240 cum
834 4179 972 4259 canaam
993 4182 1135 4253 anbelant,

307 4267 350 4324 bis
371 4267 456 4347 ipitar
476 4267 560 4328 reduc
582 4267 703 4328 rarescit
723 4285 827 4344 corpus
842 4311 849 4325 .
867 4310 899 4326 ..
