3028 4830
777 373 818 434 20

521 575 648 634 ...5151
670 577 804 635 materies
825 582 945 635 aeterna
966 573 1076 647 fnisset,

150 667 153 674 ’
237 675 251 733 Ι
273 677 331 735 541
371 675 492 736 antehae
514 677 551 736 ad
574 677 662 736 nilon
683 678 797 750 penitus
818 695 866 738 res
889 694 1018 752 quaeque
1039 677 1191 752 redissent,

272 779 332 837 542
370 778 407 836 de
429 777 544 851 niloqne
566 784 667 837 renata
690 778 785 837 forent
807 795 1001 853 quaecumque
1023 780 1162 838 uidemus.

372 885 403 937 at
424 881 558 952 qnoniam
580 897 668 952 snpra
690 881 774 938 65551
795 882 836 938 nil
857 898 941 953 posse
964 883 1056 940 creari

274 984 334 1040 544
372 981 408 1039 65
429 982 487 1040 nilo
510 999 604 1056 neque
626 982 702 1054 qnod
725 984 851 1055 genitum
872 991 916 1042 est
937 984 975 1042 56
996 985 1038 1042 nil
1058 983 1260 1042 reuocari...

235 1135 249 1192 I
273 1136 332 1193 673
370 1151 406 1194 55
427 1135 481 1193 1151
501 1151 549 1192 res
570 1135 692 1192 redeant
712 1135 749 1192 ad
771 1134 859 1192 nilum
882 1134 1010 1194 funditus
1033 1153 1131 1194 omnes
1192 1111 1195 1118 ¹

272 1238 333 1295 674
370 1237 406 1294 65
427 1237 542 1309 niloqne
564 1242 666 1295 renata
688 1238 816 1309 nigeseat
838 1239 921 1308 eopia
940 1254 1048 1296 rernm.

216 1400 330 1466 horum
352 1423 502 1466 uersuum
524 1403 613 1485 prior
634 1403 752 1487 legitur
773 1408 940 1486 praeterea
961 1403 977 1466 Ι
1000 1410 1071 1471 797.
1094 1403 1124 1466 II
1148 1409 1268 1480 75612).

237 1560 252 1617 I
276 1563 335 1621 791
352 1582 395 1610 =
410 1561 439 1618 II
461 1563 521 1620 752
544 1578 581 1618 55
603 1577 650 1618 res
672 1561 716 1619 56
730 1562 819 1620 nilum
842 1561 1010 1634 redigantur
1032 1559 1160 1619 funditus
1182 1577 1289 1620 omnes.

522 1711 662 1790 ...(tee
683 1715 792 1771 accedit
812 1712 866 1791 ate')
888 1713 1018 1772 funditus
1039 1731 1129 1785 nsque

241 1814 255 1872 Ι
278 1817 337 1875 756
375 1812 481 1872 655551
503 1815 539 1873 56
560 1817 650 1874 nilum
671 1816 728 1872 iem
749 1832 846 1874 rerum
868 1833 977 1874 summa
998 1815 1107 1874 reuerti

274 1919 334 1976 757
372 1916 407 1974 65
429 1917 545 1989 nidoque
566 1922 668 1975 renata
689 1917 836 1990 nigeseere
860 1918 1122 1993 copiarernm1³).

132 2055 135 2061 ¹
239 2070 253 2128 1
276 2071 336 2129 857
374 2075 405 2128 51
427 2086 519 2142 neque
541 2069 687 2128 reccidere
709 2069 745 2127 ad
768 2071 857 2129 nilum
878 2087 925 2129 res
945 2087 1030 2143 posse
1052 2085 1145 2141 neque
1168 2076 1263 2128 antem

274 2174 334 2232 858
371 2157 499 2231 creseere
522 2172 558 2230 de
579 2172 638 2231 nilo
659 2178 751 2230 testor
772 2190 819 2232 res
840 2179 908 2230 ante
930 2173 1076 2244 probatas.

217 2327 245 2385 II
272 2329 333 2386 287
371 2326 406 2384 65
427 2325 486 2384 565
508 2326 643 2396 quoniam
665 2324 727 2382 fieri
749 2327 790 2382 nil
812 2341 895 2397 posse
917 2325 1057 2385 uidemus,
1153 2409 1156 2414 Ι

287 2623 290 2628 ,
308 2581 348 2658 11)
371 2581 491 2654 Legitur
511 2579 597 2637 etiam
612 2579 640 2637 11
656 2581 726 2651 864,
750 2579 800 2638 556
816 2580 851 2638 65
867 2580 921 2638 555
935 2581 1075 2639 assentior
1090 2580 1228 2639 Eduardo
1244 2581 1383 2641 Goebelio

219 2666 392 2743 (Observatt.
422 2665 628 2735 Lucretianae,
662 2664 780 2723 Bonnae
811 2669 904 2737 1854,
933 2683 961 2738 p.
991 2665 1058 2741 28),
1089 2666 1138 2737 qui
1166 2666 1242 2724 5555
1270 2683 1382 2725 uersum

218 2753 329 2812 iudicat
356 2752 546 2824 ‘adscriptam
572 2749 659 2808 fuisse
687 2751 723 2808 ad
752 2769 799 2810 nu.
824 2753 884 2812 862
915 2756 975 2812 863
1005 2752 1150 2810 electore
1172 2751 1250 2810 hand
1272 2751 1382 2824 quidem

220 2839 382 2909 somnianti,
406 2837 455 2909 qui
476 2837 521 2894 his
543 2836 687 2914 uersibus:

315 2960 376 3016 862
420 2955 586 3013 inmortalia
607 2954 633 3011 si
653 2959 781 3013 nolumus
802 2955 969 3033 sabianqere
990 2955 1073 3013 rebus

413 3042 617 3115 fundamenta,
641 3039 739 3116 quibes
760 3041 868 3099 nitatur
889 3059 999 3098 samma
1021 3040 1119 3099 5515115

221 3158 341 3317 &gudam
364 3158 925 3316 155565535161ἑ7ῗ55155115155151151111,
948 3160 997 3232 qni
1020 3159 1156 3217 5551555
1179 3174 1267 3230 supra
1280 3157 1388 3233 legitur
1419 3153 1422 3158 ’

265 3248 281 3302 6
316 3265 360 3292 =
482 3289 489 3302 .
514 3248 530 3302 7
596 3261 602 3299 :

422 3381 457 3421 ne
478 3362 527 3420 1151
546 3381 593 3420 rea
613 3363 732 3422 redeant
753 3365 794 3421 ad
813 3365 903 3422 nilum
915 3363 1051 3437 funditus
1073 3382 1176 3420 omnes.

221 3498 305 3555 quem
334 3499 370 3540 ne
399 3482 435 3541 55
463 3483 526 3554 ipso
553 3486 640 3554 poeta
666 3482 713 3541 515
740 3483 892 3555 repetitum
921 3481 1050 3553 credam,
1078 3488 1194 3555 praeter
1216 3483 1389 3542 sententiam

220 3569 265 3626 bis
288 3583 452 3639 expressam
474 3573 555 3625 uetat
576 3567 669 3626 oratio
691 3566 775 3626 51555
796 3584 849 3625 555
871 3572 938 3640 apte
960 3566 1051 3625 nexa’
1087 3572 1161 3625 esset
1176 3568 1270 3625 oratio
1285 3569 1391 3626 melius

221 3668 310 3723 nexa,
337 3653 361 3708 si
391 3651 462 3710 haee
489 3654 630 3712 sententia
659 3652 700 3710 ita
721 3650 899 3711 conformata
920 3657 1010 3723 esset,
1036 3651 1102 3709 511
1126 3653 1185 3708 791
1208 3653 1386 3710 51117525

221 3755 256 3794 ne
277 3755 324 3794 res
346 3737 386 3794 ad
406 3738 495 3795 nilum
510 3739 679 3815 reclinantur
692 3737 828 3808 funditas
842 3756 954 3808 omnes;
976 3736 1052 3808 qnod
1068 3754 1130 3795 eum
1145 3736 1389 3810 5555111551515,

222 3821 252 3879 id
275 3822 368 3893 ipsum
389 3826 486 3880 tuetur
508 3821 639 3881 Goebelii
661 3823 841 3897 sententiam,
865 3837 948 3894 qnam
969 3821 1046 3880 idem
1067 3822 1184 3894 repetiit
1205 3821 1237 3878 in
1258 3824 1390 3895 Quaestt.

221 3905 337 3966 Lueret.
360 3907 435 3977 erit,
458 3906 616 3980 Salisbnrgi
641 3910 731 3978 1857,
754 3923 783 3979 p.
811 3911 863 3966 14:

312 4008 351 4083 11)
374 4006 492 4068 Codices
514 4007 638 4067 habent:
669 4010 723 4068 555
742 4009 852 4070 5555611
872 4010 935 4068 item
951 4055 957 4067 .
976 4054 982 4069 .
1000 4052 1007 4066 .
1023 4008 1159 4080 funditas
1180 4017 1209 4066 nt
1230 4009 1286 4084 qui,
1310 4010 1392 4080 quod

221 4093 421 4152 Lachmannus
443 4093 484 4151 515
505 4095 643 4153 correxit:
667 4095 720 4153 nec
742 4096 849 4154 aceedit
869 4095 947 4152 atei.
966 4139 971 4152 .
990 4139 996 4151 .
1013 4092 1149 4164 funditus
1163 4112 1258 4169 usque.
1302 4094 1390 4169 Hugo

222 4179 328 4238 Munro
355 4179 398 4252 (in
426 4178 499 4237 55115
526 4179 650 4238 diurnis:
686 4181 741 4238 Tne
753 4184 879 4254 Journal
893 4181 951 4252 for
972 4179 1103 4238 elassieal
1125 4179 1186 4236 and
1204 4180 1389 4256 5555565111-

224 4265 318 4343 151595
340 4263 397 4324 551.
420 4264 443 4338 Ι,
466 4263 631 4338 cantabrig.
658 4269 751 4338 1854,
773 4285 803 4342 p.
829 4267 880 4340 39)
902 4270 1000 4324 555551
1020 4273 1051 4324 et
1070 4265 1120 4342 qai
1138 4265 1169 4321 in
1191 4271 1281 4340 atque,
1305 4281 1391 4337 prae-
