3028 4830
703 389 743 452 33

647 473 800 484 -—--...

137 592 273 658 similem
291 542 366 654 'rem
387 591 510 653 tractet
530 586 605 652 inde
627 609 647 651 a
668 609 700 652 u.
724 586 883 656 ssulibri
904 587 1022 671 quinti:

317 746 354 787 ne
377 727 451 786 forte
474 743 511 785 ex
532 728 647 786 homine
669 734 698 786 ot
720 731 853 788 ueterino
875 731 982 786 somine
1005 745 1144 802 equorum

317 829 435 890 confieri
457 830 558 889 credas
581 829 741 890 Centauros
763 847 848 903 posse
869 847 963 903 neque
976 843 1057 909 esse,

317 940 368 991 aut
388 932 500 991 rabidis
522 933 641 991 canibus
664 933 823 992 succinctas
845 915 1036 992 semimarinis

317 1035 486 1108 corporibus
509 1033 626 1114 Scyllas,
650 1039 680 1092 et
701 1040 799 1092 cetera
820 1033 856 1091 de
878 1051 984 1107 genere
1006 1035 1118 1096 horum.

138 1192 207 1250 tum
233 1183 342 1267 paullo
364 1187 452 1268 post:

319 1328 368 1398 qui
389 1325 453 1385 fieri
474 1326 579 1403 potuit,
602 1324 710 1399 triplici
726 1342 796 1385 ,cum
818 1343 939 1402 corpore
961 1331 991 1385 et
1012 1343 1077 1398 una,

318 1429 412 1501 prima
433 1429 488 1499 leo,
510 1432 657 1500 postrema
678 1427 775 1499 draco,
798 1427 893 1486 media
913 1428 986 1501 ipsa,
1009 1427 1161 1487 Chimaera

259 1509 265 1518 ⁸
302 1546 370 1588 ore
392 1528 470 1588 toras
491 1545 585 1588 acrem
608 1527 693 1588 flaret
714 1528 750 1588 de
772 1545 894 1603 corpore
916 1527 1079 1591 flammam?
1134 1585 1139 1591 ,

321 1647 410 1705 quare
432 1632 518 1690 etiarn
539 1631 643 1690 tellure
665 1647 741 1689 noua
762 1630 898 1703 caeloque
920 1632 1030 1690 recenti

166 1737 192 1796 V
215 1736 275 1796 905
319 1731 390 1792 talia
412 1735 461 1805 qui
483 1733 566 1806 fingit
587 1734 715 1807 potuisse
737 1727 877 1792 animatia
898 1734 988 1807 gigni,
1078 1727 1079 1732 ’

142 1907 213 1950 eum
241 1881 401 1967 significat
426 1903 492 1947 non
519 1881 741 1946 dubitaturum
764 1903 833 1948 asse
861 1883 963 1948 multo
986 1882 1178 1948 absurdiora
1201 1884 1314 1950 dicere.

142 2005 193 2068 his
215 2002 295 2068 satis
316 2001 490 2084 probatum
511 2021 580 2066 esso
599 2002 714 2084 opinor
731 2007 818 2066 recte
834 2002 929 2067 scribi
944 2001 989 2066 IV
1005 2007 1080 2069 738:
1105 2004 1182 2070 tulis
1197 2012 1314 2070 notura

148 2211 253 2270 ornnr'n.
277 2269 279 2274 ,
301 2209 493 2285 Berneysins:
529 2210 635 2287 lepidus
665 2209 752 2280 dirce,
788 2211 886 2266 endem
915 2209 989 2266 ratio
1018 2209 1195 2268 disterminat
1223 2229 1312 2270 omne.

146 2296 362 2356 Bouterwckius
384 2295 587 2372 (Lucretianae
610 2300 777 2367 quaestip.
796 2294 863 2371 15):
887 2293 1065 2372 lapidastis,
1090 2298 1226 2353 mnndum
1239 2297 1314 2354 ratio

146 2381 322 2442 disterminat
347 2399 464 2439 omnem.
510 2379 631 2438 Munro:
660 2381 749 2450 disce,
779 2399 814 2438 en
841 2399 888 2438 res
915 2379 989 2437 rntio
1018 2379 1193 2439 disterminat
1214 2381 1313 2439 omnis.

146 2487 182 2530 cx
203 2469 249 2526 bis
271 2466 347 2538 quod
370 2466 547 2538 Bemaysins
571 2466 687 2538 scripsit
709 2463 781 2523 bisce
804 2466 985 2524 uerissimum
1007 2470 1051 2524 est
1074 2472 1103 2524 et
1124 2467 1234 2525 assensi
1250 2473 1317 2525 sunt

146 2556 174 2614 ei
195 2557 313 2626 practer
334 2551 507 2610 Munronem
530 2549 710 2609 Parmannus
731 2550 826 2624 (lahni
848 2549 976 2608 Annales
997 2551 1116 2623 LXVII,
1139 2569 1167 2625 p.
1193 2554 1265 2624 673)
1287 2557 1318 2610 et

146 2639 305 2703 Gulielmus
326 2635 468 2695 Christius
491 2634 631 2710 (Quaestt.
654 2636 748 2710 Leon,
770 2634 918 2694 Monachii
943 2638 1033 2708 1855,
1057 2653 1085 2708 p.
1112 2637 1171 2708 12).
1215 2654 1316 2696 uerum

146 2726 177 2782 hi
198 2723 255 2783 uiri
277 2737 375 2780 omnes
393 2719 582 2791 Bernaysium
604 2719 727 2792 primum
748 2720 834 2776 huius
855 2719 1063 2777 emendationis
1085 2726 1232 2780 auctorem
1255 2737 1318 2780 esse

148 2810 312 2882 opinantur,
335 2822 399 2864 cum
419 2804 496 2862 idem
518 2805 684 2876 reposuerit
705 2805 762 2861 iam
777 2820 802 2861 a.
823 2804 902 2862 1847
919 2803 1039 2862 Iacobus
1054 2805 1177 2864 Roosius
1192 2805 1316 2864 Gronin·

148 2910 237 2968 genus
272 2891 458 2967 (Dissertatio
488 2889 568 2967 crit,
598 2889 749 2947 continens
777 2893 905 2946 annotat.
934 2887 972 2945 ad
1000 2890 1130 2948 Lucretii
1152 2897 1315 2962 poematum

146 2978 236 3038 libros
253 2982 313 3034 tres
330 2977 443 3051 priores
455 2993 483 3050 p.
497 2975 559 3046 41),
578 2975 627 3045 qui
641 2979 746 3045 tamen,
766 2989 822 3045 quo
839 2971 951 3030 facilius
966 2975 1158 3046 corruptionis
1174 2977 1255 3048 origo
1271 2993 1318 3035 co·

148 3065 344 3135 gnosceretun
368 3059 531 3132 antiquiore
547 3059 681 3116 nimirum
696 3058 841 3117 scribendi
855 3058 967 3116 ratione
983 3060 1161 3136 crustisque
1176 3063 1317 3121 exercuit.

147 3155 300 3220 praeterea
322 3145 416 3203 onnia
437 3143 596 3216 probarem
615 3143 691 3216 quod
714 3142 823 3216 placuit
838 3143 964 3200 Marullo
987 3150 1016 3203 et
1032 3145 1226 3216 Lachmanno,
1249 3146 1273 3204 si
1287 3149 1318 3204 in

148 3231 295 3292 codicibus
316 3229 470 3303 legeretur.
515 3233 546 3290 at
565 3227 627 3286 sine
647 3227 777 3288 codicum
800 3228 972 3286 auctoritate
994 3229 1128 3302 equidem
1147 3246 1205 3288 non
1225 3230 1334 3288 audeo

149 3314 313 3376 huiusmodi
335 3313 405 3387 quid
427 3313 563 3373 scribere.
609 3328 694 3385 quam
716 3312 753 3371 ob
776 3328 838 3372 rem
860 3313 947 3371 etiam
969 3314 982 3370 l
1008 3317 1104 3375 1098:

325 3433 395 3475 ncnc
416 3422 505 3472 ruant
526 3413 599 3472 caeli
613 3414 777 3489 penetrabo
798 3417 902 3490 templa
923 3433 1045 3490 superne

324 3509 457 3577 terraque
478 3519 507 3556 se
524 3498 646 3575 pedibus
667 3499 774 3575 raptim
795 3498 933 3557 subducat
956 3509 981 3557 ct
1002 3501 1116 3557 omnis

325 3586 398 3644 inter
414 3583 577 3661 permistas
598 3603 696 3642 rerum
718 3583 843 3660 caelique
864 3584 965 3644 ruinas
1233 3643 1240 3649 ,

326 3687 450 3746 corpora
472 3671 610 3726 soluentes
630 3670 734 3728 abeant
751 3687 808 3744 per
829 3670 915 3726 inane
932 3669 1122 3744 profundum,
1176 3659 1179 3668 ’

149 3793 204 3850 pro
226 3773 406 3833 Lachmanni
427 3771 570 3841 scriptura
592 3770 696 3840 omnin,
725 3787 789 3829 oum
810 3768 1129 3846 Bernaysianumillud
1151 3791 1232 3831 ornne
1253 3789 1320 3846 pro-

151 3862 216 3921 bari
245 3875 303 3918 non
332 3873 416 3931 posse
444 3853 599 3913 Gocbelius
627 3854 758 3913 docuerit
786 3854 925 3928 (Quaestt.
948 3854 1034 3912 Lucr.
1064 3872 1092 3926 p.
1117 3857 1180 3928 29),
1201 3857 1321 3917 Bouter-
1415 3881 1421 3890 ·

152 3946 276 4006 wekium
298 3941 474 4015 sequendum
496 3955 558 3997 csse
581 3955 692 4010 conseo,
716 3940 764 4011 qui
785 3956 814 3997 u.
835 3941 914 3998 1100
930 3939 1012 3996 obeat
1026 3939 1172 4000 emendari
1188 3948 1217 4000 et
1232 3943 1321 4000 omnis

152 4031 191 4089 ad
213 4040 321 4088 terram
343 4026 447 4086 referri
468 4024 577 4084 iubeat.
622 4024 676 4080 boc
697 4029 793 4082 sutem
809 4024 928 4082 secundi
942 4022 1009 4082 libri
1024 4025 1087 4082 loco
1102 4042 1167 4084 cum
1183 4026 1321 4084 Goebelio

152 4115 243 4186 facio,
273 4114 322 4186 qui
343 4113 374 4188 (l.
398 4111 425 4169 d.
449 4127 476 4183 p.
503 4112 539 4165 11
564 4115 594 4167 et
616 4106 669 4182 29)
692 4109 824 4166 omnibus
847 4109 950 4166 ceteris
972 4109 1221 4169 emendationibus
1242 4117 1322 4170 ante-

155 4201 239 4275 ponit
261 4199 454 4257 coniecturam
469 4193 604 4252 Lambini
628 4193 779 4251 scribentis
800 4193 899 4250 eadem
919 4185 993 4251 ratio
1014 4213 1061 4252 rer
1076 4197 1207 4254 terminat
1223 4195 1321 4257 omnis.

152 4284 189 4346 cf.
214 4285 228 4344 1
253 4285 351 4345 1000:
373 4281 454 4340 mare
475 4287 570 4338 terras
590 4277 723 4338 terminat
743 4276 841 4336 omnir.

1103 4392 1120 4444 3
