3028 4830
170 521 211 580 III
234 523 292 581 571
332 533 436 592 corpus
457 519 532 578 enim
554 523 641 592 etque
662 517 793 578 animam
814 517 871 578 erit
891 523 951 590 cer,
965 517 998 576 ‘si
1021 517 1154 578 cohibere

334 637 396 679 sese
419 620 514 678 anima
534 625 620 692 etque
641 620 672 676 in
694 635 727 678 eo
749 619 859 692 poterit
879 619 1050 678 concludere
1071 619 1223 693 motus14).

134 771 192 834 ¹iu
225 769 384 834 hocloco
419 767 568 850 quoniam
601 767 677 833 ueta
711 766 872 852 oppositio
906 767 1003 848 inest,
1041 767 1218 834 necessario
1252 770 1320 834 coi·

158 894 291 954 montem
321 887 401 951 dixit
414 888 463 968 ¹⁵).
514 886 570 950 ubi
597 893 704 951 autem
734 908 798 951 non
826 893 1033 970 opponuntur
1061 907 1128 969 res,
1163 886 1218 954 sed
1245 908 1320 952 enu-

156 1014 319 1072 merantur
352 979 574 1070 tantumodo
607 1005 673 1069 siue
707 1005 910 1089 partiuntur,
945 1028 1009 1072 nou
1038 985 1178 1088 refert,
1211 1013 1321 1072 utrum

154 1126 300 1192 euboeae
322 1123 448 1189 dicatur
470 1145 512 1188 an
534 1123 667 1202 camuel:
1100 1123 1103 1131 '

190 1282 204 1340 I
227 1283 288 1342 808
332 1297 461 1340 cresccre
483 1296 540 1339 non
561 1281 672 1353 possint
692 1278 790 1354 fruges
811 1280 930 1340 arbusta
951 1281 1111 1340 animantis.

331 1449 452 1506 namquo
474 1433 575 1492 eadem
592 1433 778 1509 ¹(primordio)
800 1433 910 1494 caelum
931 1450 1010 1493 mare
1033 1440 1126 1496 terres
1147 1431 1266 1496 flumina

961 1535 1050 1606 solem
1110 1574 1113 1580 ·

189 1637 204 1694 Ι
225 1641 284 1698 821
330 1637 516 1710 constituunt,
540 1637 639 1702 ecdem
661 1635 759 1712 fruges
780 1637 899 1696 arbusta
920 1638 1081 1698 unimanus

241 1891 281 1968 14)
303 1892 337 1949 In
358 1892 504 1951 codicibus
526 1893 645 1968 legitur:
668 1893 796 1951 ocimum
816 1893 885 1951 serit
904 1898 965 1964 ce'r,
988 1891 1106 1966 se'(Obl.
1123 1892 1175 1969 cic)
1191 1893 1317 1951 cohibere

152 1997 212 2034 eece
239 1977 357 2049 (Quadr.
380 1985 449 2047 erce)
479 1979 585 2036 coimcz
629 1977 666 2036 ad
693 1995 768 2050 quae
795 1979 830 2038 E.
855 1977 1010 2038 Goebelius
1039 1978 1179 2052 (Quaestt.
1202 1978 1317 2036 Lucret.

155 2061 218 2120 erit.
241 2079 268 2133 p.
290 2059 342 2136 25)
366 2061 436 2120 haee
457 2063 674 2121 animaduertit:
698 2064 746 2120 ‘In
768 2081 795 2121 u.
820 2067 879 2124 571
904 2063 1036 2122 animone
1057 2062 1110 2119 erit
1130 2063 1268 2135 Naugerii
1290 2067 1320 2120 et

156 2145 289 2204 Lambini
311 2151 438 2204 correcta
460 2148 543 2207 citius
565 2163 622 2206 non
647 2149 825 2224 cognocens,
848 2164 932 2222 quam
947 2146 1115 2219 arripueris,
1137 2147 1168 2203 in
1186 2146 1317 2220 proximo

154 2235 249 2288 autem
282 2247 366 2289 uersu
388 2231 560 2291 Wakefieldi
593 2233 786 2291 coniecturam
820 2233 850 2292 io
878 2251 908 2290 ce
937 2231 1063 2290 animem
1090 2230 1167 2290 baud
1194 2231 1252 2290 scio
1279 2246 1317 2288 sn

153 2315 281 2388 cupidius
304 2316 505 2376 Lachmannns
526 2318 702 2390 probauerit.
740 2334 806 2376 nam
827 2335 921 2392 neque
943 2333 1047 2390 eorpus
1061 2331 1115 2374 nec
1129 2322 1179 2375 adr
1193 2315 1317 2392 enimam

152 2401 181 2458 io
207 2409 296 2458 motos
325 2403 465 2459 concludit
486 2402 534 2477 (Ι),
563 2403 614 2461 sed
641 2404 704 2476 ipsa
732 2403 827 2461 anima
852 2406 882 2461 in
911 2419 1031 2476 corpore
1059 2406 1157 2460 nostro
1183 2399 1317 2460 conclusa

152 2491 245 2543 motus
273 2483 427 2545 sensiferos
448 2493 592 2558 monetur,
624 2488 701 2560 quod
723 2492 768 2545 est
789 2506 817 2547 8.
842 2491 912 2559 567,
941 2493 971 2546 et
991 2487 1099 2562 poterit
1121 2487 1177 2545 dici
1198 2486 1228 2544 io
1249 2491 1316 2544 o'cre

151 2588 180 2626 se
202 2571 327 2628 cohibere
348 2581 431 2647 oeque
453 2575 619 2630 concludere
642 2571 806 2648 (perficere)
830 2583 919 2631 motus
941 2573 1023 2648 (eos),
1046 2591 1116 2648 quos
1137 2577 1202 2643 etc,
1226 2585 1316 2642 quare

151 2671 209 2712 una
228 2655 356 2714 litterula
376 2657 468 2716 eiecta
483 2657 560 2715 dicas
574 2674 699 2716 mecum:
723 2677 781 2714 sese
804 2659 902 2717 anima
923 2667 1006 2734 atquc
1027 2657 1057 2715 in
1078 2676 1114 2714 eo
1131 2655 1237 2732 poterit
1251 2674 1315 2730 coo·

154 2741 266 2796 cludere
293 2749 380 2798 moues
408 2736 476 2800 etc'
519 2743 591 2800 hace
617 2743 712 2800 omnia
739 2759 801 2800 cum
824 2743 974 2801 uerissime
996 2743 1053 2799 sint
1075 2741 1233 2811 disputata,
1262 2733 1314 2812 ego

154 2823 267 2895 quidem
289 2842 405 2898 prorsus
426 2827 526 2899 probo,
550 2825 648 2898 fugere
671 2833 767 2884 tamen
788 2843 846 2884 non
868 2827 993 2886 debebat
1007 2824 1177 2884 Goebelium
1200 2824 1315 2882 omniuo

152 2909 250 2967 eadem
276 2910 389 2970 ratione
416 2913 473 2970 iem
495 2913 622 2971 Fabium
652 2919 682 2970 et
702 2912 865 2972 Bentleium
890 2911 967 2970 hune
987 2911 1080 2969 locum
1102 2909 1312 2979 emcndauisse;

151 2995 378 3054 emendationem
400 2999 564 3070 nuperrime
586 2998 695 3070 recepit
715 2997 745 3054 in
768 2996 923 3055 editionem
946 3013 1027 3056 susm
1050 2995 1164 3053 Munro.

238 3097 277 3172 1⁵)
299 3099 364 3157 Huc
389 3097 558 3158 referendus
585 3104 661 3157 esset
682 3100 767 3157 etiam
789 3101 802 3156 I
826 3102 902 3159 774ε
930 3119 988 3158 ooo
1010 3098 1142 3156 animans
1163 3116 1222 3155 ocu
1243 3115 1312 3156 eoru-

149 3182 223 3239 ru'mo
246 3203 308 3242 cum
330 3203 450 3260 corpore
470 3193 501 3242 ut
523 3185 621 3254 arboc,
652 3185 676 3242 si
697 3185 888 3243 Lucretianus
916 3185 1017 3243 haberi
1037 3189 1145 3257 posset.
1189 3183 1239 3241 sed
1262 3197 1311 3239 ex-

150 3268 250 3336 punxit
276 3285 341 3327 eum
362 3275 439 3327 recte
462 3270 546 3342 Hugo
569 3271 749 3328 Purmannus
771 3270 910 3344 (Quaestt.
934 3270 1036 3340 Lucu,
1064 3268 1194 3327 Lamban.
1223 3267 1313 3338 1858,

150 3367 178 3422 p.
201 3352 244 3425 8),
273 3355 353 3412 cuius
375 3355 466 3412 uerba
487 3355 558 3413 hacc
579 3359 660 3412 sunt:
689 3352 786 3425 ‘Quod
808 3343 922 3412 ubrsum
946 3358 1006 3414 774
1028 3353 1233 3412 Lucretianum
1254 3366 1312 3408 non

149 3452 210 3494 csse
233 3437 371 3509 dicerem,
395 3439 468 3497 duae
490 3440 559 3497 mibi
581 3455 683 3498 causae
706 3442 802 3496 erant:
831 3440 968 3511 quoniam
991 3438 1167 3497 necessarius
1188 3451 1247 3494 non
1269 3441 1314 3493 est

146 3537 239 3593 neque
263 3523 299 3582 ab
322 3525 399 3582 omni
421 3529 503 3596 parte
526 3525 701 3584 emendatus.
746 3537 782 3581 an
804 3525 917 3584 arboris
939 3526 1062 3595 mentio,
1082 3523 1139 3580 nisi
1159 3524 1191 3581 ut
1211 3537 1312 3579 uersus

145 3607 258 3679 integer
285 3607 381 3680 fieret,
410 3625 467 3682 qua
495 3608 530 3668 dc
559 3626 645 3668 causa
671 3607 748 3668 iacta
776 3610 826 3682 sit,
856 3626 1003 3683 exponere
1030 3606 1148 3668 calcas?
1191 3605 1308 3666 dubium

144 3691 233 3764 igitur
255 3708 312 3750 non
334 3695 391 3764 est,
415 3695 484 3766 quin
506 3695 607 3753 doctus
628 3694 677 3752 illc
698 3695 788 3754 lector
811 3695 1049 3768 disputationem,
1073 3691 1204 3766 quemuis
1227 3692 1310 3751 abso·

144 3777 206 3834 luto
233 3783 309 3836 esset
329 3780 461 3838 omnibus
482 3780 623 3852 numeris,
644 3779 715 3838 ‘ideo
738 3785 770 3838 ut
792 3771 986 3852 exemplorum
1008 3779 1089 3851 copia
1111 3779 1198 3838 etiem
1219 3777 1310 3850 magis

144 3863 325 3934 perspicuam
348 3865 492 3937 redderet,
514 3865 593 3922 inani
615 3864 709 3924 studio
731 3865 842 3937 ductus,
865 3883 929 3924 cum
943 3872 1006 3924 arte
1021 3864 1101 3923 rudis
1117 3868 1201 3941 esset,
1223 3879 1310 3922 uersu

143 3945 193 4004 illo
227 3947 390 4008 molestiore
424 3947 667 4023 amplificauerit.’
710 3950 781 4010 baec
814 3951 868 4009 etsi
900 3966 970 4009 uera
1004 3955 1080 4022 sunt,
1111 3949 1311 4024 grauissimum

144 4037 241 4091 tamen
269 4034 370 4092 uitium
399 4035 512 4094 silentio
540 4034 691 4108 praeteriit
717 4036 913 4094 Pnrmannus:
951 4036 1101 4094 exanimor
1129 4035 1205 4106 enim
1231 4031 1310 4090 nullo

144 4122 229 4191 pacto
257 4123 352 4191 potest
374 4137 436 4180 esse
458 4121 556 4179 ocima
578 4139 680 4179 coreas
702 4120 768 4197 (hoo
790 4121 865 4180 enim
888 4126 932 4179 est
953 4119 1123 4198 inanimus),
1151 4118 1202 4178 sed
1224 4115 1311 4178 debet

143 4218 206 4261 esse
228 4203 327 4263 enimc
343 4205 486 4282 priuatus,
511 4215 646 4264 mortuus.
