3028 4830
680 359 832 464 ...δ-3..-

246 566 306 627 444
351 562 485 626 diffluere
506 581 636 628 umorem
658 571 689 628 et
708 565 824 628 laticem
846 563 995 628 discedere
1017 565 1119 638 cernis,

353 673 383 728 et
403 667 509 728 nebula
529 685 564 728 ac
585 667 681 730 iumus
703 649 840 745 quoniam
863 667 985 730 discedit
1004 669 1035 728 iu
1057 682 1152 742 44444,

353 769 438 830 crede
460 770 586 831 animam
609 788 723 847 quoquc
743 770 866 833 diffundi
887 771 1035 846 multoque
1056 769 1158 844 444144

219 885 224 896 ,
250 855 252 860 '
352 872 431 932 ocius
453 877 482 932 et
504 873 589 932 ciuus
611 873 730 934 dissolui
751 874 782 933 sn
804 889 927 950 corpore
947 872 1043 950 cums
1058 920 1065 935 .
1083 919 1115 936 ..

86 1125 89 1131 Ι
169 1038 212 1106 41)
241 1037 291 1104 his
325 1044 434 1106 autem
456 1038 606 1106 44411444
636 1041 796 1126 scriptura
823 1038 1022 1125 aliquantum
1049 1038 1183 1122 recedit;
1219 1037 1341 1107 habeut

169 1159 254 1227 enim
278 1163 339 1226 428
361 1179 448 1242 4444,
477 1163 541 1226 430
563 1165 740 1242 moueatur,
768 1158 854 1244 quod
876 1178 896 1224 a
917 1155 1070 1246 Marullo,
1100 1163 1161 1228 433
1184 1159 1260 1226 dccc
1281 1179 1341 1244 pro

170 1279 255 1362 hinc,
289 1276 389 1362 quod,
426 1283 463 1342 ut
490 1277 635 1362 uidetur,
664 1297 683 1343 a
711 1277 857 1345 Bentleio
886 1283 1063 1346 correctum
1091 1283 1140 1346 est
1167 1278 1211 1364 (u.
1243 1298 1342 1364 supra

170 1397 410 1466 adnotationem
432 1419 535 1465 meam
558 1398 626 1484 27),
658 1405 827 1484 praeterea
851 1402 909 1466 431
934 1400 968 1465 ia
989 1417 1049 1483 444
1071 1403 1118 1466 444
1139 1403 1172 1464 44
1193 1396 1260 1464 4144
1281 1417 1341 1482 444

171 1519 246 1596 4144,
276 1521 309 1584 44
336 1522 397 1585 432
425 1540 553 1602 uapore.
596 1519 648 1584 hic
673 1517 774 1604 igitur
800 1537 901 1602 44444
927 1524 977 1584 444
1002 1520 1098 1586 κνῖσα
1124 1517 1192 1584 4144
1213 1516 1340 1602 nebula,

170 1656 246 1703 444
273 1639 429 1704 cauimus
450 1637 489 1704 de
510 1642 601 1706 44444
622 1658 687 1704 444
708 1641 819 1722 444444
839 1635 918 1730 dici,
940 1641 1039 1722 atque
1060 1658 1162 1722 stupor
1184 1643 1214 1705 44
1232 1638 1342 1722 smnus

169 1777 267 1824 uersu
303 1761 365 1824 434
402 1756 512 1824 eodem
547 1757 652 1824 redire
687 1777 816 1824 necesse
848 1759 897 1824 cst
928 1777 993 1842 que
1027 1757 1140 1824 444414
1172 1763 1201 1823 44
1233 1757 1342 1841 faucae

169 1897 223 1944 uu.
249 1881 325 1954 448,
354 1881 431 1960 430,
461 1882 533 1946 436.
585 1877 855 1963 sedpriusquam
883 1882 1007 1944 certum
1035 1875 1186 1944 iudicium
1216 1875 1255 1944 de
1282 1875 1343 1943 hoc

169 1997 239 2066 1444
267 1994 491 2082 4444441444,
519 1997 592 2082 1444
617 1995 718 2064 uerba
742 1995 926 2082 diligentius
947 1995 1174 2064 examinemus.
1218 1997 1341 2081 441444

170 2116 270 2202 igitur
285 2115 508 2183 Lachmannus
530 2117 614 2184 uidit
634 2139 687 2184 uu.
711 2122 773 2185 430
795 2121 829 2183 44
852 2121 913 2186 433
936 2116 1077 2183 adiectos
1099 2136 1168 2200 4444
1187 2113 1341 2184 41414444-

170 2235 329 2324 polatore,
359 2241 510 2304 neutrum
531 2237 615 2304 euim
638 2241 826 2325 argumento
848 2237 1019 2324 quicquam
1041 2234 1191 2324 ponderis
1213 2235 1339 2320 addere,

169 2357 352 2425 Lucretium
380 2363 487 2424 autem
514 2355 620 2444 ipsum
645 2358 771 2443 decere,
801 2379 875 2452 cum
901 2355 940 2424 de
968 2355 1147 2424 simulacris
1167 2356 1202 2424 14
1223 2361 1340 2443 quarto

165 2476 253 2546 libro
274 2467 440 2564 disputare
463 2477 640 2564 statuisset,
663 2483 738 2546 4444
759 2478 844 2544 hunc
864 2477 984 2546 librum
1005 2498 1046 2544 44
1068 2477 1195 2544 444144
1213 2476 1340 2563 quidem

171 2596 413 2669 simulacrorum
440 2600 498 2664 uti.
541 2598 603 2665 hoc
631 2605 697 2666 tam
720 2599 925 2687 perspicuum
947 2605 1006 2684 est,
1029 2605 1067 2666 ut
1088 2597 1239 2667 Gosbolio
1261 2596 1339 2682 (Ob-

170 2701 306 2787 eeruatt.
334 2718 426 2814 Lucr.
455 2739 486 2806 4.
519 2719 572 2804 30)
601 2720 752 2788 assentiri
778 2739 949 2804 nequeam,
980 2720 1035 2804 qui
1065 2719 1122 2786 sic:
1162 2717 1339 2788 ι11441144

170 2839 412 2927 supprimantur
433 2838 549 2924 uerba,
576 2838 698 2924 inquit,
727 2839 895 2927 cogitando
917 2839 1018 2906 nihilo
1039 2840 1144 2906 minus
1166 2837 1230 2904 fiet
1244 2836 1339 2904 eimu-

159 2961 330 3028 'lacrorum
356 2958 492 3042 mentio,
520 2979 617 3044 quam
639 2967 747 3028 tamen
769 2981 809 3028 ne
830 2958 929 3028 144144
949 2965 1025 3027 ante
1046 2956 1165 3026 librum
1187 2963 1339 3042 quartum

168 3087 281 3150 uetare
308 3101 405 3167 penes
432 3100 491 3146 nos
513 3101 578 3146 non
599 3083 670 3148 est'
714 3082 919 3151 edaciorem
940 3081 1024 3148 euim
1045 3079 1126 3146 artis
1148 3077 1340 3145 uocabulum

170 3207 220 3270 est
241 3200 321 3284 tale,
348 3199 433 3284 quod
453 3199 596 3287 intellegi
618 3222 683 3268 non
704 3202 817 3289 possit,
839 3202 901 3267 4141
923 3201 1126 3288 explicatum,
1151 3219 1250 3285 quare
1271 3200 1340 3266 iure

168 3320 391 3389 Lachmannus
424 3318 658 3388 demonstrauit
690 3323 757 3388 4144
790 3321 892 3387 14444
925 3342 989 3387 444
1023 3341 1093 3388 4444
1120 3326 1195 3388 4444
1221 3320 1340 3387 librum

170 3447 331 3529 quartum.
366 3446 416 3507 444
431 3441 585 3507 4444414
601 3440 743 3510 Goebelii
758 3441 926 3525 sententia,
949 3439 1035 3526 quod
1048 3439 1197 3508 uideatur
1210 3440 1339 3507 4441441-

169 3585 272 3630 mum:
303 3561 436 3628 ‘Versus
466 3566 527 3629 430
555 3565 685 3640 44433,
713 3563 832 3647 inquit,
860 3565 1032 3648 propterea
1060 3559 1244 3628 retinendos
1270 3579 1340 3628 esse

168 3681 290 3764 iudico,
321 3680 408 3766 quod
434 3680 578 3766 intellegi
605 3703 669 3748 nou
689 3673 821 3768 444444,
849 3702 987 3768 quanam
1012 3683 1098 3750 tenui
1117 3683 1220 3768 444414
1242 3701 1339 3750 causo

169 3803 278 3868 44144
297 3803 364 3868 iota
385 3807 563 3884 moueatur,
586 3803 642 3869 ubi
664 3804 783 3869 444414
806 3803 903 3888 444141
924 3823 1078 3888 4444444
1096 3801 1281 3886 fumumque
1297 3799 1338 3870 ab

169 3921 327 4000 altaribus
354 3921 497 3988 exhalari
526 3922 700 4005 cernimus,
731 3923 792 3988 nisi
820 3922 859 3989 de
886 3921 1013 3988 illorum
1039 3920 1233 4006 imaginibus
1255 3919 1338 4006 cogi-

168 4043 297 4109 tamus?
341 4041 402 4106 hoe
415 4039 632 4124 44144444,
656 4041 717 4106 4141
740 4041 794 4126 qui
816 4061 932 4126 parum
954 4047 1098 4108 attentus
1116 4048 1174 4125 eet,
1197 4037 1337 4124 negabit,

169 4183 223 4226 uu.
242 4164 303 4228 430
325 4166 357 4226 44
380 4165 442 4229 433
464 4161 662 4228 necessarios
684 4181 762 4246 esse,
777 4161 813 4228 si
836 4166 893 4230 431
919 4167 952 4228 44
974 4165 1037 4230 432
1059 4160 1188 4248 genuini
1210 4163 1340 4226 suntet

151 4257 362 4348 1444441441.
405 4282 490 4367 quod
512 4286 620 4350 autem
635 4281 804 4350 Goebclius
827 4281 904 4348 dicit
925 4303 965 4350 ne
986 4282 1044 4350 hos
1067 4280 1201 4368 quidem¹
1215 4299 1338 4364 uersus,
