<?xml version="1.0" encoding="UTF-8"?>
<!DOCTYPE html PUBLIC "-//W3C//DTD XHTML 1.0 Transitional//EN"
    "http://www.w3.org/TR/xhtml1/DTD/xhtml1-transitional.dtd">
<html xmlns="http://www.w3.org/1999/xhtml" xml:lang="en" lang="en">
 <head>
  <title>
</title>
<meta http-equiv="Content-Type" content="text/html;charset=utf-8" />
  <meta name='ocr-system' content='tesseract 3.04.00' />
  <meta name='ocr-capabilities' content='ocr_page ocr_carea ocr_par ocr_line ocrx_word'/>
</head>
<body>
  <div class='ocr_page' id='page_1' title='image "./deartisuocabuli00pollgoog_0049.png"; bbox 0 0 3028 4830; ppageno 0'>
   <div class='ocr_carea' id='block_1_1' title="bbox 708 344 862 436">
    <p class='ocr_par' dir='ltr' id='par_1_1' title="bbox 708 344 862 436">
     <span class='ocr_line' id='line_1_1' title="bbox 708 344 862 436; baseline 0 -32"><span class='ocrx_word' id='word_1_1' title='bbox 708 344 862 436; x_wconf 42' lang='lat' dir='ltr'>*uc-</span> 
     </span>
    </p>
   </div>
   <div class='ocr_carea' id='block_1_2' title="bbox 200 535 1371 743">
    <p class='ocr_par' dir='ltr' id='par_1_2' title="bbox 200 535 1371 743">
     <span class='ocr_line' id='line_1_2' title="bbox 284 535 1371 623; baseline -0.001 -21"><span class='ocrx_word' id='word_1_2' title='bbox 284 538 448 602; x_wconf 86' lang='lat' dir='ltr'>Neminem</span> <span class='ocrx_word' id='word_1_3' title='bbox 478 536 580 620; x_wconf 84' lang='lat' dir='ltr'>fugiet</span> <span class='ocrx_word' id='word_1_4' title='bbox 606 536 691 602; x_wconf 88' lang='lat' dir='ltr'>hunc</span> <span class='ocrx_word' id='word_1_5' title='bbox 716 559 809 604; x_wconf 91' lang='lat' dir='ltr'>nsum</span> <span class='ocrx_word' id='word_1_6' title='bbox 832 539 1056 605; x_wconf 86' lang='lat' dir='ltr'>Lucretianum</span> <span class='ocrx_word' id='word_1_7' title='bbox 1083 538 1181 623; x_wconf 90' lang='lat' dir='ltr'>paulo</span> <span class='ocrx_word' id='word_1_8' title='bbox 1206 535 1371 604; x_wconf 83' lang='lat' dir='ltr'>diuersum</span> 
     </span>
     <span class='ocr_line' id='line_1_3' title="bbox 200 655 1371 743; baseline 0.001 -23"><span class='ocrx_word' id='word_1_9' title='bbox 200 675 269 720; x_wconf 86' lang='lat' dir='ltr'>esse</span> <span class='ocrx_word' id='word_1_10' title='bbox 291 655 332 719; x_wconf 89' lang='lat' dir='ltr'>ab</span> <span class='ocrx_word' id='word_1_11' title='bbox 354 677 406 736; x_wconf 89' lang='lat' dir='ltr'>ec,</span> <span class='ocrx_word' id='word_1_12' title='bbox 430 676 525 737; x_wconf 91' lang='lat' dir='ltr'>quem</span> <span class='ocrx_word' id='word_1_13' title='bbox 547 655 686 740; x_wconf 87' lang='lat' dir='ltr'>explicat</span> <span class='ocrx_word' id='word_1_14' title='bbox 707 657 917 722; x_wconf 89' lang='lat' dir='ltr'>Doederlinus</span> <span class='ocrx_word' id='word_1_15' title='bbox 939 659 973 722; x_wconf 92' lang='lat' dir='ltr'>in</span> <span class='ocrx_word' id='word_1_16' title='bbox 997 659 1199 743; x_wconf 81' lang='lat' dir='ltr'>Synonymis‚</span> <span class='ocrx_word' id='word_1_17' title='bbox 1222 659 1371 740; x_wconf 88' lang='lat' dir='ltr'>quamuis</span> 
     </span>
    </p>
   </div>
   <div class='ocr_carea' id='block_1_3' title="bbox 199 767 1484 860">
    <p class='ocr_par' dir='ltr' id='par_1_3' title="bbox 199 767 1484 860">
     <span class='ocr_line' id='line_1_4' title="bbox 199 767 1484 860; baseline 0.004 -25"><span class='ocrx_word' id='word_1_18' title='bbox 199 773 348 856; x_wconf 82' lang='lat' dir='ltr'>exiguum</span> <span class='ocrx_word' id='word_1_19' title='bbox 370 773 413 836; x_wconf 93' lang='lat' dir='ltr'>sit</span> <span class='ocrx_word' id='word_1_20' title='bbox 434 772 613 840; x_wconf 79' lang='lat' dir='ltr'><strong>discrimen.</strong></span> <span class='ocrx_word' id='word_1_21' title='bbox 658 776 760 858; x_wconf 85' lang='lat' dir='ltr'>magis</span> <span class='ocrx_word' id='word_1_22' title='bbox 782 777 944 858; x_wconf 73' lang='lat' dir='ltr'>pertinent</span> <span class='ocrx_word' id='word_1_23' title='bbox 966 777 1008 840; x_wconf 89' lang='lat' dir='ltr'>ad</span> <span class='ocrx_word' id='word_1_24' title='bbox 1023 777 1203 843; x_wconf 88' lang='lat' dir='ltr'>Lucretium</span> <span class='ocrx_word' id='word_1_25' title='bbox 1221 799 1267 858; x_wconf 86' lang='lat' dir='ltr'>ea,</span> <span class='ocrx_word' id='word_1_26' title='bbox 1288 797 1372 860; x_wconf 89' lang='lat' dir='ltr'>quae</span> <span class='ocrx_word' id='word_1_27' title='bbox 1483 767 1484 788; x_wconf 57' lang='lat'>¹</span> 
     </span>
    </p>
   </div>
   <div class='ocr_carea' id='block_1_4' title="bbox 198 891 1373 1334">
    <p class='ocr_par' dir='ltr' id='par_1_4' title="bbox 198 891 1373 1334">
     <span class='ocr_line' id='line_1_5' title="bbox 198 891 1371 979; baseline 0.004 -25"><span class='ocrx_word' id='word_1_28' title='bbox 198 891 282 956; x_wconf 92' lang='lat' dir='ltr'>idem</span> <span class='ocrx_word' id='word_1_29' title='bbox 309 891 360 954; x_wconf 91' lang='lat' dir='ltr'>uir</span> <span class='ocrx_word' id='word_1_30' title='bbox 388 892 500 956; x_wconf 90' lang='lat' dir='ltr'>doctus</span> <span class='ocrx_word' id='word_1_31' title='bbox 522 892 561 956; x_wconf 91' lang='lat' dir='ltr'>de</span> <span class='ocrx_word' id='word_1_32' title='bbox 581 895 725 976; x_wconf 81' lang='lat' dir='ltr'>ferarum</span> <span class='ocrx_word' id='word_1_33' title='bbox 746 894 875 958; x_wconf 90' lang='lat' dir='ltr'>nomine</span> <span class='ocrx_word' id='word_1_34' title='bbox 896 893 1058 977; x_wconf 87' lang='lat' dir='ltr'>disputat,</span> <span class='ocrx_word' id='word_1_35' title='bbox 1086 896 1140 960; x_wconf 90' lang='lat' dir='ltr'>sed</span> <span class='ocrx_word' id='word_1_36' title='bbox 1163 897 1223 962; x_wconf 88' lang='lat' dir='ltr'>hac</span> <span class='ocrx_word' id='word_1_37' title='bbox 1244 915 1371 979; x_wconf 91' lang='lat' dir='ltr'>quoque</span> 
     </span>
     <span class='ocr_line' id='line_1_6' title="bbox 198 1010 1373 1106; baseline 0.002 -31"><span class='ocrx_word' id='word_1_38' title='bbox 198 1011 233 1075; x_wconf 91' lang='lat' dir='ltr'>in</span> <span class='ocrx_word' id='word_1_39' title='bbox 260 1033 296 1076; x_wconf 91' lang='lat' dir='ltr'>re</span> <span class='ocrx_word' id='word_1_40' title='bbox 324 1010 489 1094; x_wconf 84' lang='lat' dir='ltr'>paululum</span> <span class='ocrx_word' id='word_1_41' title='bbox 515 1011 621 1077; x_wconf 85' lang='lat' dir='ltr'>differt</span> <span class='ocrx_word' id='word_1_42' title='bbox 649 1033 753 1077; x_wconf 89' lang='lat' dir='ltr'>sermo</span> <span class='ocrx_word' id='word_1_43' title='bbox 782 1013 1003 1106; x_wconf 82' lang='lat' dir='ltr'>Lucretianus</span> <span class='ocrx_word' id='word_1_44' title='bbox 1043 1036 1176 1097; x_wconf 87' lang='lat' dir='ltr'>prorsus</span> <span class='ocrx_word' id='word_1_45' title='bbox 1203 1019 1310 1078; x_wconf 91' lang='lat' dir='ltr'>autem</span> <span class='ocrx_word' id='word_1_46' title='bbox 1336 1015 1373 1077; x_wconf 94' lang='lat' dir='ltr'>in</span> 
     </span>
     <span class='ocr_line' id='line_1_7' title="bbox 199 1122 1372 1215; baseline 0.002 -21"><span class='ocrx_word' id='word_1_47' title='bbox 199 1149 309 1194; x_wconf 88' lang='lat' dir='ltr'>errore</span> <span class='ocrx_word' id='word_1_48' title='bbox 330 1122 479 1194; x_wconf 85' lang='lat' dir='ltr'>uersatur</span> <span class='ocrx_word' id='word_1_49' title='bbox 494 1129 650 1212; x_wconf 71' lang='lat' dir='ltr'>Gifaniua</span> <span class='ocrx_word' id='word_1_50' title='bbox 674 1132 729 1214; x_wconf 89' lang='lat' dir='ltr'>qui</span> <span class='ocrx_word' id='word_1_51' title='bbox 750 1131 784 1194; x_wconf 94' lang='lat' dir='ltr'>in</span> <span class='ocrx_word' id='word_1_52' title='bbox 800 1130 1019 1196; x_wconf 81' lang='lat' dir='ltr'>Coniectaneis</span> <span class='ocrx_word' id='word_1_53' title='bbox 1041 1131 1119 1197; x_wconf 89' lang='lat' dir='ltr'>haec</span> <span class='ocrx_word' id='word_1_54' title='bbox 1139 1133 1281 1215; x_wconf 74' lang='lat' dir='ltr'><strong>scripsit:</strong></span> <span class='ocrx_word' id='word_1_55' title='bbox 1306 1132 1372 1196; x_wconf 87' lang='lat' dir='ltr'>‘Ita</span> 
     </span>
     <span class='ocr_line' id='line_1_8' title="bbox 199 1250 1373 1334; baseline 0.001 -21"><span class='ocrx_word' id='word_1_56' title='bbox 199 1254 294 1314; x_wconf 92' lang='lat' dir='ltr'>uocat</span> <span class='ocrx_word' id='word_1_57' title='bbox 307 1251 486 1314; x_wconf 81' lang='lat' dir='ltr'>animantes</span> <span class='ocrx_word' id='word_1_58' title='bbox 502 1271 611 1315; x_wconf 89' lang='lat' dir='ltr'>omnes</span> <span class='ocrx_word' id='word_1_59' title='bbox 626 1250 761 1314; x_wconf 88' lang='lat' dir='ltr'>rationis</span> <span class='ocrx_word' id='word_1_60' title='bbox 777 1255 932 1332; x_wconf 70' lang='lat' dir='ltr'>expertes</span> <span class='ocrx_word' id='word_1_61' title='bbox 955 1251 1051 1314; x_wconf 91' lang='lat' dir='ltr'>etiam</span> <span class='ocrx_word' id='word_1_62' title='bbox 1067 1272 1131 1332; x_wconf 85' lang='lat' dir='ltr'>eas,</span> <span class='ocrx_word' id='word_1_63' title='bbox 1146 1273 1228 1334; x_wconf 91' lang='lat' dir='ltr'>quae</span> <span class='ocrx_word' id='word_1_64' title='bbox 1243 1251 1373 1315; x_wconf 90' lang='lat' dir='ltr'>minime</span> 
     </span>
    </p>
   </div>
   <div class='ocr_carea' id='block_1_5' title="bbox 200 1367 1372 1466">
    <p class='ocr_par' dir='ltr' id='par_1_5' title="bbox 200 1367 1372 1466">
     <span class='ocr_line' id='line_1_9' title="bbox 200 1367 1372 1466; baseline 0 -35"><span class='ocrx_word' id='word_1_65' title='bbox 200 1372 276 1432; x_wconf 92' lang='lat' dir='ltr'>sunt</span> <span class='ocrx_word' id='word_1_66' title='bbox 308 1367 393 1433; x_wconf 85' lang='lat' dir='ltr'>ferae</span> <span class='ocrx_word' id='word_1_67' title='bbox 424 1373 482 1432; x_wconf 89' lang='lat' dir='ltr'>aut</span> <span class='ocrx_word' id='word_1_68' title='bbox 511 1369 682 1450; x_wconf 80' lang='lat' dir='ltr'>immanes3</span> <span class='ocrx_word' id='word_1_69' title='bbox 717 1373 754 1432; x_wconf 94' lang='lat' dir='ltr'>ut</span> <span class='ocrx_word' id='word_1_70' title='bbox 782 1373 857 1432; x_wconf 89' lang='lat' dir='ltr'>sunt</span> <span class='ocrx_word' id='word_1_71' title='bbox 886 1390 969 1443; x_wconf 79' lang='lat' dir='ltr'>oues</span> <span class='ocrx_word' id='word_1_72' title='bbox 989 1389 1083 1433; x_wconf 88' lang='lat' dir='ltr'>canes</span> <span class='ocrx_word' id='word_1_73' title='bbox 1112 1371 1181 1434; x_wconf 81' lang='lat' dir='ltr'>eta’</span> <span class='ocrx_word' id='word_1_74' title='bbox 1198 1439 1215 1466; x_wconf 70' lang='lat'>‚</span> <span class='ocrx_word' id='word_1_75' title='bbox 1232 1369 1372 1452; x_wconf 90' lang='lat' dir='ltr'>primum</span> 
     </span>
    </p>
   </div>
   <div class='ocr_carea' id='block_1_6' title="bbox 199 1483 1374 1926">
    <p class='ocr_par' dir='ltr' id='par_1_6' title="bbox 199 1483 1374 1926">
     <span class='ocr_line' id='line_1_10' title="bbox 199 1483 1373 1570; baseline 0.001 -20"><span class='ocrx_word' id='word_1_76' title='bbox 199 1486 284 1551; x_wconf 89' lang='lat' dir='ltr'>enim</span> <span class='ocrx_word' id='word_1_77' title='bbox 317 1508 475 1570; x_wconf 89' lang='lat' dir='ltr'>nusquam</span> <span class='ocrx_word' id='word_1_78' title='bbox 505 1487 669 1554; x_wconf 88' lang='lat' dir='ltr'>Lucretius</span> <span class='ocrx_word' id='word_1_79' title='bbox 696 1483 849 1552; x_wconf 82' lang='lat' dir='ltr'>animalia</span> <span class='ocrx_word' id='word_1_80' title='bbox 879 1492 1046 1552; x_wconf 86' lang='lat' dir='ltr'>mansueta</span> <span class='ocrx_word' id='word_1_81' title='bbox 1073 1487 1216 1570; x_wconf 82' lang='lat' dir='ltr'>ferarum</span> <span class='ocrx_word' id='word_1_82' title='bbox 1245 1487 1373 1552; x_wconf 89' lang='lat' dir='ltr'>nomine</span> 
     </span>
     <span class='ocr_line' id='line_1_11' title="bbox 200 1603 1372 1689; baseline -0.002 -19"><span class='ocrx_word' id='word_1_83' title='bbox 200 1603 407 1689; x_wconf 85' lang='lat' dir='ltr'>significauit,</span> <span class='ocrx_word' id='word_1_84' title='bbox 436 1626 499 1687; x_wconf 90' lang='lat' dir='ltr'>qua</span> <span class='ocrx_word' id='word_1_85' title='bbox 526 1605 561 1669; x_wconf 93' lang='lat' dir='ltr'>in</span> <span class='ocrx_word' id='word_1_86' title='bbox 589 1627 624 1670; x_wconf 91' lang='lat' dir='ltr'>re</span> <span class='ocrx_word' id='word_1_87' title='bbox 646 1605 785 1670; x_wconf 88' lang='lat' dir='ltr'>Lucretii</span> <span class='ocrx_word' id='word_1_88' title='bbox 814 1627 917 1670; x_wconf 90' lang='lat' dir='ltr'>sermo</span> <span class='ocrx_word' id='word_1_89' title='bbox 940 1605 1142 1689; x_wconf 90' lang='lat' dir='ltr'>discrepata</span> <span class='ocrx_word' id='word_1_90' title='bbox 1165 1605 1372 1670; x_wconf 78' lang='lat' dir='ltr'>Ciceroniana</span> 
     </span>
     <span class='ocr_line' id='line_1_12' title="bbox 200 1722 1373 1808; baseline -0.002 -20"><span class='ocrx_word' id='word_1_91' title='bbox 200 1723 253 1806; x_wconf 83' lang='lat' dir='ltr'>(cf.</span> <span class='ocrx_word' id='word_1_92' title='bbox 270 1725 307 1788; x_wconf 84' lang='lat' dir='ltr'>de</span> <span class='ocrx_word' id='word_1_93' title='bbox 322 1725 373 1806; x_wconf 81' lang='lat' dir='ltr'>off.</span> <span class='ocrx_word' id='word_1_94' title='bbox 388 1722 404 1786; x_wconf 96' lang='grc' dir='ltr'><strong>Ι</strong></span> <span class='ocrx_word' id='word_1_95' title='bbox 422 1729 469 1804; x_wconf 82' lang='lat'>16,</span> <span class='ocrx_word' id='word_1_96' title='bbox 488 1726 551 1808; x_wconf 86' lang='lat'><strong>50).</strong></span> <span class='ocrx_word' id='word_1_97' title='bbox 590 1723 702 1788; x_wconf 89' lang='lat' dir='ltr'>deinde</span> <span class='ocrx_word' id='word_1_98' title='bbox 725 1743 789 1787; x_wconf 91' lang='lat' dir='ltr'>non</span> <span class='ocrx_word' id='word_1_99' title='bbox 811 1725 844 1788; x_wconf 92' lang='lat' dir='ltr'>id</span> <span class='ocrx_word' id='word_1_100' title='bbox 866 1731 936 1789; x_wconf 90' lang='lat' dir='ltr'>crat</span> <span class='ocrx_word' id='word_1_101' title='bbox 951 1724 1169 1807; x_wconf 78' lang='lat' dir='ltr'>premendum,</span> <span class='ocrx_word' id='word_1_102' title='bbox 1193 1725 1373 1788; x_wconf 76' lang='lat' dir='ltr'>animantes</span> 
     </span>
     <span class='ocr_line' id='line_1_13' title="bbox 200 1841 1374 1926; baseline -0.002 -18"><span class='ocrx_word' id='word_1_103' title='bbox 200 1841 425 1913; x_wconf 86' lang='lat' dir='ltr'>esserationis</span> <span class='ocrx_word' id='word_1_104' title='bbox 448 1847 613 1926; x_wconf 62' lang='lat' dir='ltr'>expertem</span> <span class='ocrx_word' id='word_1_105' title='bbox 635 1841 723 1924; x_wconf 72' lang='lat' dir='ltr'>‘quod</span> <span class='ocrx_word' id='word_1_106' title='bbox 745 1864 941 1926; x_wconf 87' lang='lat' dir='ltr'>quamquam</span> <span class='ocrx_word' id='word_1_107' title='bbox 962 1864 1075 1906; x_wconf 91' lang='lat' dir='ltr'>uerum</span> <span class='ocrx_word' id='word_1_108' title='bbox 1090 1846 1149 1924; x_wconf 90' lang='lat' dir='ltr'>est,</span> <span class='ocrx_word' id='word_1_109' title='bbox 1172 1848 1281 1908; x_wconf 88' lang='lat' dir='ltr'>tamen</span> <span class='ocrx_word' id='word_1_110' title='bbox 1295 1843 1374 1907; x_wconf 91' lang='lat' dir='ltr'>haec</span> 
     </span>
    </p>
   </div>
   <div class='ocr_carea' id='block_1_7' title="bbox 194 1960 1484 2047">
    <p class='ocr_par' dir='ltr' id='par_1_7' title="bbox 194 1960 1484 2047">
     <span class='ocr_line' id='line_1_14' title="bbox 194 1960 1484 2047; baseline 0.001 -22"><span class='ocrx_word' id='word_1_111' title='bbox 194 1961 250 2047; x_wconf 46' lang='lat' dir='ltr'>xuis</span> <span class='ocrx_word' id='word_1_112' title='bbox 277 1980 342 2024; x_wconf 86' lang='lat' dir='ltr'>non</span> <span class='ocrx_word' id='word_1_113' title='bbox 370 1965 419 2024; x_wconf 90' lang='lat' dir='ltr'>est</span> <span class='ocrx_word' id='word_1_114' title='bbox 447 1983 497 2042; x_wconf 86' lang='lat' dir='ltr'>ea,</span> <span class='ocrx_word' id='word_1_115' title='bbox 529 1981 611 2044; x_wconf 89' lang='lat' dir='ltr'>quac</span> <span class='ocrx_word' id='word_1_116' title='bbox 632 1962 770 2026; x_wconf 83' lang='lat' dir='ltr'>maxime</span> <span class='ocrx_word' id='word_1_117' title='bbox 792 1962 940 2026; x_wconf 86' lang='lat' dir='ltr'>emineat.</span> <span class='ocrx_word' id='word_1_118' title='bbox 984 1961 1119 2044; x_wconf 92' lang='lat' dir='ltr'>denique</span> <span class='ocrx_word' id='word_1_119' title='bbox 1141 1982 1233 2044; x_wconf 87' lang='lat' dir='ltr'>uero,</span> <span class='ocrx_word' id='word_1_120' title='bbox 1264 1961 1292 2026; x_wconf 91' lang='lat' dir='ltr'>si</span> <span class='ocrx_word' id='word_1_121' title='bbox 1313 1960 1373 2026; x_wconf 88' lang='lat' dir='ltr'>hoc</span> <span class='ocrx_word' id='word_1_122' title='bbox 1483 2037 1484 2040; x_wconf 8' lang='grc' dir='ltr'><strong>Ἴ</strong></span> 
     </span>
    </p>
   </div>
   <div class='ocr_carea' id='block_1_8' title="bbox 200 2059 1484 2165">
    <p class='ocr_par' dir='ltr' id='par_1_8' title="bbox 200 2059 1484 2165">
     <span class='ocr_line' id='line_1_15' title="bbox 200 2059 1484 2165; baseline -0.002 -20"><span class='ocrx_word' id='word_1_123' title='bbox 200 2059 407 2165; x_wconf 72' lang='lat' dir='ltr'>premeretur,</span> <span class='ocrx_word' id='word_1_124' title='bbox 431 2081 610 2148; x_wconf 76' lang='lat' dir='ltr'>accuratius</span> <span class='ocrx_word' id='word_1_125' title='bbox 633 2081 847 2146; x_wconf 90' lang='lat' dir='ltr'>definiendum</span> <span class='ocrx_word' id='word_1_126' title='bbox 866 2086 948 2162; x_wconf 87' lang='lat' dir='ltr'>erat,</span> <span class='ocrx_word' id='word_1_127' title='bbox 970 2101 1051 2162; x_wconf 89' lang='lat' dir='ltr'>quae</span> <span class='ocrx_word' id='word_1_128' title='bbox 1068 2085 1152 2145; x_wconf 89' lang='lat' dir='ltr'>esset</span> <span class='ocrx_word' id='word_1_129' title='bbox 1166 2081 1267 2148; x_wconf 72' lang='lat' dir='ltr'>ratio:</span> <span class='ocrx_word' id='word_1_130' title='bbox 1289 2080 1372 2144; x_wconf 88' lang='lat' dir='ltr'>ratio</span> <span class='ocrx_word' id='word_1_131' title='bbox 1483 2127 1484 2130; x_wconf 63' lang='lat'>,</span> 
     </span>
    </p>
   </div>
   <div class='ocr_carea' id='block_1_9' title="bbox 174 2199 1183 2284">
    <p class='ocr_par' dir='ltr' id='par_1_9' title="bbox 174 2199 1183 2284">
     <span class='ocr_line' id='line_1_16' title="bbox 174 2199 1183 2284; baseline -0.002 -18"><span class='ocrx_word' id='word_1_132' title='bbox 174 2243 178 2252; x_wconf 89' lang='lat'>·</span> <span class='ocrx_word' id='word_1_133' title='bbox 200 2201 285 2266; x_wconf 90' lang='lat' dir='ltr'>enim</span> <span class='ocrx_word' id='word_1_134' title='bbox 306 2199 357 2266; x_wconf 91' lang='lat' dir='ltr'>hic</span> <span class='ocrx_word' id='word_1_135' title='bbox 379 2222 444 2265; x_wconf 91' lang='lat' dir='ltr'>ncn</span> <span class='ocrx_word' id='word_1_136' title='bbox 466 2205 515 2265; x_wconf 90' lang='lat' dir='ltr'>est</span> <span class='ocrx_word' id='word_1_137' title='bbox 536 2201 586 2265; x_wconf 89' lang='lat' dir='ltr'>uis</span> <span class='ocrx_word' id='word_1_138' title='bbox 609 2199 778 2284; x_wconf 85' lang='lat' dir='ltr'>cogitandi,</span> <span class='ocrx_word' id='word_1_139' title='bbox 803 2200 858 2264; x_wconf 89' lang='lat' dir='ltr'>sed</span> <span class='ocrx_word' id='word_1_140' title='bbox 879 2200 929 2262; x_wconf 92' lang='lat' dir='ltr'>uis</span> <span class='ocrx_word' id='word_1_141' title='bbox 951 2206 1037 2264; x_wconf 89' lang='lat' dir='ltr'>recte</span> <span class='ocrx_word' id='word_1_142' title='bbox 1059 2199 1183 2282; x_wconf 84' lang='lat' dir='ltr'>agendi.</span> 
     </span>
    </p>
   </div>
   <div class='ocr_carea' id='block_1_10' title="bbox 286 2313 1484 2406">
    <p class='ocr_par' dir='ltr' id='par_1_10' title="bbox 286 2313 1484 2406">
     <span class='ocr_line' id='line_1_17' title="bbox 286 2313 1484 2406; baseline -0.006 -20"><span class='ocrx_word' id='word_1_143' title='bbox 286 2319 375 2386; x_wconf 78' lang='lat' dir='ltr'>Fere</span> <span class='ocrx_word' id='word_1_144' title='bbox 397 2313 486 2406; x_wconf 68' lang='grc' dir='ltr'><strong><em>(θήρ,</em></strong></span> <span class='ocrx_word' id='word_1_145' title='bbox 509 2322 569 2386; x_wconf 80' lang='lat' dir='ltr'>das</span> <span class='ocrx_word' id='word_1_146' title='bbox 591 2320 680 2402; x_wconf 70' lang='lat' dir='ltr'>eald)</span> <span class='ocrx_word' id='word_1_147' title='bbox 707 2317 847 2404; x_wconf 93' lang='lat' dir='ltr'>primum</span> <span class='ocrx_word' id='word_1_148' title='bbox 869 2318 955 2401; x_wconf 89' lang='lat' dir='ltr'>apud</span> <span class='ocrx_word' id='word_1_149' title='bbox 978 2319 1160 2384; x_wconf 90' lang='lat' dir='ltr'>Lucretium</span> <span class='ocrx_word' id='word_1_150' title='bbox 1182 2325 1231 2384; x_wconf 89' lang='lat' dir='ltr'>est</span> <span class='ocrx_word' id='word_1_151' title='bbox 1254 2319 1288 2384; x_wconf 93' lang='lat' dir='ltr'>id</span> <span class='ocrx_word' id='word_1_152' title='bbox 1309 2319 1374 2383; x_wconf 92' lang='lat' dir='ltr'>ani-</span> <span class='ocrx_word' id='word_1_153' title='bbox 1483 2357 1484 2360; x_wconf 57' lang='lat'><em>=</em></span> 
     </span>
    </p>
   </div>
   <div class='ocr_carea' id='block_1_11' title="bbox 201 2437 748 2521">
    <p class='ocr_par' dir='ltr' id='par_1_11' title="bbox 201 2437 748 2521">
     <span class='ocr_line' id='line_1_18' title="bbox 201 2437 748 2521; baseline -0.007 -17"><span class='ocrx_word' id='word_1_154' title='bbox 201 2438 276 2520; x_wconf 86' lang='lat' dir='ltr'>mal,</span> <span class='ocrx_word' id='word_1_155' title='bbox 299 2437 385 2521; x_wconf 88' lang='lat' dir='ltr'>quod</span> <span class='ocrx_word' id='word_1_156' title='bbox 406 2439 549 2503; x_wconf 89' lang='lat' dir='ltr'>homines</span> <span class='ocrx_word' id='word_1_157' title='bbox 571 2441 748 2503; x_wconf 89' lang='lat' dir='ltr'>uenantur:</span> 
     </span>
    </p>
   </div>
   <div class='ocr_carea' id='block_1_12' title="bbox 238 2595 1212 2771">
    <p class='ocr_par' dir='ltr' id='par_1_12' title="bbox 238 2595 1212 2771">
     <span class='ocr_line' id='line_1_19' title="bbox 238 2595 1212 2670; baseline -0.001 -15"><span class='ocrx_word' id='word_1_158' title='bbox 238 2595 252 2655; x_wconf 90' lang='lat'><em>1</em></span> <span class='ocrx_word' id='word_1_159' title='bbox 274 2597 336 2654; x_wconf 87' lang='grc'>404</span> <span class='ocrx_word' id='word_1_160' title='bbox 534 2609 692 2653; x_wconf 90' lang='lat' dir='ltr'>...canes</span> <span class='ocrx_word' id='word_1_161' title='bbox 713 2600 746 2653; x_wconf 90' lang='lat' dir='ltr'>ut</span> <span class='ocrx_word' id='word_1_162' title='bbox 768 2597 950 2670; x_wconf 81' lang='lat' dir='ltr'>montiuagae</span> <span class='ocrx_word' id='word_1_163' title='bbox 972 2613 1112 2670; x_wconf 86' lang='lat' dir='ltr'>persaepe</span> <span class='ocrx_word' id='word_1_164' title='bbox 1126 2597 1212 2669; x_wconf 83' lang='lat' dir='ltr'>ferai</span> 
     </span>
     <span class='ocr_line' id='line_1_20' title="bbox 378 2697 1083 2771; baseline 0.003 -15"><span class='ocrx_word' id='word_1_165' title='bbox 378 2698 498 2758; x_wconf 86' lang='lat' dir='ltr'>naribus</span> <span class='ocrx_word' id='word_1_166' title='bbox 520 2697 672 2756; x_wconf 88' lang='lat' dir='ltr'>inueniunt</span> <span class='ocrx_word' id='word_1_167' title='bbox 692 2697 816 2757; x_wconf 82' lang='lat' dir='ltr'>intectas</span> <span class='ocrx_word' id='word_1_168' title='bbox 838 2697 939 2757; x_wconf 85' lang='lat' dir='ltr'>fronde</span> <span class='ocrx_word' id='word_1_169' title='bbox 963 2700 1083 2771; x_wconf 90' lang='lat' dir='ltr'>quietes.</span> 
     </span>
    </p>
   </div>
   <div class='ocr_carea' id='block_1_13' title="bbox 212 2850 832 2930">
    <p class='ocr_par' dir='ltr' id='par_1_13' title="bbox 212 2850 832 2930">
     <span class='ocr_line' id='line_1_21' title="bbox 212 2850 832 2930; baseline -0.008 -18"><span class='ocrx_word' id='word_1_170' title='bbox 212 2852 252 2912; x_wconf 86' lang='lat' dir='ltr'>lv</span> <span class='ocrx_word' id='word_1_171' title='bbox 277 2855 338 2912; x_wconf 87' lang='grc'>678</span> <span class='ocrx_word' id='word_1_172' title='bbox 357 2923 360 2930; x_wconf 32' lang='grc'><em>,</em></span> <span class='ocrx_word' id='word_1_173' title='bbox 538 2897 544 2910; x_wconf 92' lang='grc'><strong>.</strong></span> <span class='ocrx_word' id='word_1_174' title='bbox 563 2898 568 2910; x_wconf 94' lang='grc'>.</span> <span class='ocrx_word' id='word_1_175' title='bbox 588 2897 594 2912; x_wconf 91' lang='grc'><strong>.</strong></span> <span class='ocrx_word' id='word_1_176' title='bbox 611 2850 679 2910; x_wconf 84' lang='lat' dir='ltr'>fissa</span> <span class='ocrx_word' id='word_1_177' title='bbox 692 2852 832 2922; x_wconf 81' lang='lat' dir='ltr'>ferarum</span> 
     </span>
    </p>
   </div>
   <div class='ocr_carea' id='block_1_14' title="bbox 380 2953 1192 3126">
    <p class='ocr_par' dir='ltr' id='par_1_14' title="bbox 380 2953 1192 3126">
     <span class='ocr_line' id='line_1_22' title="bbox 380 2953 1192 3027; baseline 0 -15"><span class='ocrx_word' id='word_1_178' title='bbox 380 2955 488 3027; x_wconf 81' lang='lat' dir='ltr'>ungula</span> <span class='ocrx_word' id='word_1_179' title='bbox 511 2969 567 3026; x_wconf 87' lang='lat' dir='ltr'>quo</span> <span class='ocrx_word' id='word_1_180' title='bbox 589 2953 688 3012; x_wconf 90' lang='lat' dir='ltr'>tetulit</span> <span class='ocrx_word' id='word_1_181' title='bbox 709 2969 839 3025; x_wconf 84' lang='lat' dir='ltr'>gressum</span> <span class='ocrx_word' id='word_1_182' title='bbox 862 2955 1004 3026; x_wconf 89' lang='lat' dir='ltr'>permissa</span> <span class='ocrx_word' id='word_1_183' title='bbox 1022 2970 1126 3012; x_wconf 91' lang='lat' dir='ltr'>canum</span> <span class='ocrx_word' id='word_1_184' title='bbox 1148 2955 1192 3012; x_wconf 89' lang='lat' dir='ltr'>uis</span> 
     </span>
     <span class='ocr_line' id='line_1_23' title="bbox 381 3054 521 3126; baseline 0.007 -15"><span class='ocrx_word' id='word_1_185' title='bbox 381 3054 521 3126; x_wconf 70' lang='lat' dir='ltr'>ducit28).</span> 
     </span>
    </p>
   </div>
   <div class='ocr_carea' id='block_1_15' title="bbox 204 3271 1484 3356">
    <p class='ocr_par' dir='ltr' id='par_1_15' title="bbox 204 3271 1484 3356">
     <span class='ocr_line' id='line_1_24' title="bbox 204 3271 1484 3356; baseline -0.001 -23"><span class='ocrx_word' id='word_1_186' title='bbox 204 3288 378 3348; x_wconf 88' lang='lat' dir='ltr'>quamquam</span> <span class='ocrx_word' id='word_1_187' title='bbox 401 3290 458 3331; x_wconf 88' lang='lat' dir='ltr'>non</span> <span class='ocrx_word' id='word_1_188' title='bbox 480 3279 550 3346; x_wconf 86' lang='lat' dir='ltr'>puto</span> <span class='ocrx_word' id='word_1_189' title='bbox 573 3291 618 3334; x_wconf 89' lang='lat' dir='ltr'>me</span> <span class='ocrx_word' id='word_1_190' title='bbox 640 3280 748 3334; x_wconf 89' lang='lat' dir='ltr'>temere</span> <span class='ocrx_word' id='word_1_191' title='bbox 770 3277 871 3349; x_wconf 81' lang='lat' dir='ltr'>egisse,</span> <span class='ocrx_word' id='word_1_192' title='bbox 894 3281 990 3336; x_wconf 89' lang='lat' dir='ltr'>tamen</span> <span class='ocrx_word' id='word_1_193' title='bbox 1013 3277 1190 3336; x_wconf 85' lang='lat' dir='ltr'>haesitanter</span> <span class='ocrx_word' id='word_1_194' title='bbox 1210 3292 1298 3356; x_wconf 77' lang='lat' dir='ltr'>ansus</span> <span class='ocrx_word' id='word_1_195' title='bbox 1314 3293 1375 3334; x_wconf 91' lang='lat' dir='ltr'>snm</span> <span class='ocrx_word' id='word_1_196' title='bbox 1483 3271 1484 3286; x_wconf 62' lang='lat'>¹</span> 
     </span>
    </p>
   </div>
   <div class='ocr_carea' id='block_1_16' title="bbox 203 3357 1376 3946">
    <p class='ocr_par' dir='ltr' id='par_1_16' title="bbox 203 3357 1376 3946">
     <span class='ocr_line' id='line_1_25' title="bbox 203 3357 1375 3434; baseline 0.003 -17"><span class='ocrx_word' id='word_1_197' title='bbox 203 3357 348 3418; x_wconf 84' lang='lat' dir='ltr'>affirmare</span> <span class='ocrx_word' id='word_1_198' title='bbox 361 3359 577 3434; x_wconf 76' lang='lat' dir='ltr'>Lachmannum</span> <span class='ocrx_word' id='word_1_199' title='bbox 591 3362 621 3419; x_wconf 93' lang='lat' dir='ltr'>in</span> <span class='ocrx_word' id='word_1_200' title='bbox 636 3360 681 3418; x_wconf 90' lang='lat' dir='ltr'>his</span> <span class='ocrx_word' id='word_1_201' title='bbox 695 3361 782 3420; x_wconf 89' lang='lat' dir='ltr'>rebus</span> <span class='ocrx_word' id='word_1_202' title='bbox 799 3360 921 3434; x_wconf 86' lang='lat' dir='ltr'>errasse,</span> <span class='ocrx_word' id='word_1_203' title='bbox 937 3367 967 3420; x_wconf 89' lang='lat' dir='ltr'>et</span> <span class='ocrx_word' id='word_1_204' title='bbox 976 3362 1162 3420; x_wconf 86' lang='lat' dir='ltr'>uehementer·</span> <span class='ocrx_word' id='word_1_205' title='bbox 1174 3361 1258 3433; x_wconf 84' lang='lat' dir='ltr'>cupio</span> <span class='ocrx_word' id='word_1_206' title='bbox 1270 3360 1375 3420; x_wconf 87' lang='lat' dir='ltr'>refelli.</span> 
     </span>
     <span class='ocr_line' id='line_1_26' title="bbox 204 3444 1376 3516; baseline -0.002 -12"><span class='ocrx_word' id='word_1_207' title='bbox 204 3448 314 3504; x_wconf 85' lang='lat' dir='ltr'>tautum</span> <span class='ocrx_word' id='word_1_208' title='bbox 346 3450 442 3504; x_wconf 87' lang='lat' dir='ltr'>autem</span> <span class='ocrx_word' id='word_1_209' title='bbox 465 3444 562 3516; x_wconf 88' lang='lat' dir='ltr'>abest,</span> <span class='ocrx_word' id='word_1_210' title='bbox 592 3445 690 3502; x_wconf 89' lang='lat' dir='ltr'>uthis</span> <span class='ocrx_word' id='word_1_211' title='bbox 712 3447 859 3514; x_wconf 73' lang='lat' dir='ltr'>erroribus</span> <span class='ocrx_word' id='word_1_212' title='bbox 881 3449 1055 3506; x_wconf 86' lang='lat' dir='ltr'>enumeratis</span> <span class='ocrx_word' id='word_1_213' title='bbox 1077 3446 1255 3504; x_wconf 89' lang='lat' dir='ltr'>Lachmanui</span> <span class='ocrx_word' id='word_1_214' title='bbox 1276 3445 1376 3504; x_wconf 88' lang='lat' dir='ltr'>laudes</span> 
     </span>
     <span class='ocr_line' id='line_1_27' title="bbox 204 3529 1376 3603; baseline 0 -17"><span class='ocrx_word' id='word_1_215' title='bbox 204 3529 333 3588; x_wconf 87' lang='lat' dir='ltr'>minnere</span> <span class='ocrx_word' id='word_1_216' title='bbox 355 3531 481 3588; x_wconf 90' lang='lat' dir='ltr'>animum</span> <span class='ocrx_word' id='word_1_217' title='bbox 504 3530 647 3601; x_wconf 85' lang='lat' dir='ltr'>inducam,</span> <span class='ocrx_word' id='word_1_218' title='bbox 671 3536 703 3588; x_wconf 88' lang='lat' dir='ltr'>ut</span> <span class='ocrx_word' id='word_1_219' title='bbox 724 3530 827 3590; x_wconf 85' lang='lat' dir='ltr'>efferre</span> <span class='ocrx_word' id='word_1_220' title='bbox 850 3548 899 3588; x_wconf 91' lang='lat' dir='ltr'>eas</span> <span class='ocrx_word' id='word_1_221' title='bbox 921 3532 990 3592; x_wconf 87' lang='lat' dir='ltr'>mihi</span> <span class='ocrx_word' id='word_1_222' title='bbox 1012 3531 1124 3602; x_wconf 87' lang='lat' dir='ltr'>uidear,</span> <span class='ocrx_word' id='word_1_223' title='bbox 1148 3549 1211 3590; x_wconf 88' lang='lat' dir='ltr'>cnm</span> <span class='ocrx_word' id='word_1_224' title='bbox 1234 3547 1292 3588; x_wconf 90' lang='lat' dir='ltr'>non</span> <span class='ocrx_word' id='word_1_225' title='bbox 1313 3531 1376 3603; x_wconf 90' lang='lat' dir='ltr'>plus</span> 
     </span>
     <span class='ocr_line' id='line_1_28' title="bbox 205 3614 1375 3691; baseline -0.001 -19"><span class='ocrx_word' id='word_1_226' title='bbox 205 3615 331 3686; x_wconf 87' lang='lat' dir='ltr'>quinque</span> <span class='ocrx_word' id='word_1_227' title='bbox 358 3614 423 3672; x_wconf 87' lang='lat' dir='ltr'>illos</span> <span class='ocrx_word' id='word_1_228' title='bbox 450 3630 564 3674; x_wconf 88' lang='lat' dir='ltr'>errores</span> <span class='ocrx_word' id='word_1_229' title='bbox 592 3633 638 3674; x_wconf 91' lang='lat' dir='ltr'>me</span> <span class='ocrx_word' id='word_1_230' title='bbox 665 3616 810 3691; x_wconf 88' lang='lat' dir='ltr'>inuenisse</span> <span class='ocrx_word' id='word_1_231' title='bbox 838 3616 990 3689; x_wconf 87' lang='lat' dir='ltr'>profitear,</span> <span class='ocrx_word' id='word_1_232' title='bbox 1019 3618 1068 3690; x_wconf 89' lang='lat' dir='ltr'>qui</span> <span class='ocrx_word' id='word_1_233' title='bbox 1095 3617 1220 3674; x_wconf 82' lang='lat' dir='ltr'>circiter</span> <span class='ocrx_word' id='word_1_234' title='bbox 1239 3615 1375 3687; x_wconf 87' lang='lat' dir='ltr'>quadrin-</span> 
     </span>
     <span class='ocr_line' id='line_1_29' title="bbox 205 3698 1375 3772; baseline 0 -16"><span class='ocrx_word' id='word_1_235' title='bbox 205 3699 336 3772; x_wconf 84' lang='lat' dir='ltr'>gentiens</span> <span class='ocrx_word' id='word_1_236' title='bbox 351 3698 567 3756; x_wconf 86' lang='lat' dir='ltr'>Lachmannum</span> <span class='ocrx_word' id='word_1_237' title='bbox 589 3701 710 3758; x_wconf 88' lang='lat' dir='ltr'>aliarum</span> <span class='ocrx_word' id='word_1_238' title='bbox 733 3701 891 3759; x_wconf 85' lang='lat' dir='ltr'>editionum</span> <span class='ocrx_word' id='word_1_239' title='bbox 914 3702 1070 3772; x_wconf 89' lang='lat' dir='ltr'>scriptmas</span> <span class='ocrx_word' id='word_1_240' title='bbox 1091 3707 1170 3759; x_wconf 88' lang='lat' dir='ltr'>recte</span> <span class='ocrx_word' id='word_1_241' title='bbox 1191 3700 1375 3772; x_wconf 83' lang='lat' dir='ltr'>exscripsisse</span> 
     </span>
     <span class='ocr_line' id='line_1_30' title="bbox 205 3782 1376 3858; baseline 0.001 -19"><span class='ocrx_word' id='word_1_242' title='bbox 205 3783 268 3858; x_wconf 88' lang='lat' dir='ltr'>ipse</span> <span class='ocrx_word' id='word_1_243' title='bbox 290 3782 459 3842; x_wconf 88' lang='lat' dir='ltr'>inuenerim.</span> <span class='ocrx_word' id='word_1_244' title='bbox 482 3817 523 3826; x_wconf 93' lang='lat'><em>-</em></span> <span class='ocrx_word' id='word_1_245' title='bbox 547 3785 659 3842; x_wconf 86' lang='lat' dir='ltr'>Similes</span> <span class='ocrx_word' id='word_1_246' title='bbox 682 3801 796 3844; x_wconf 86' lang='lat' dir='ltr'>errores</span> <span class='ocrx_word' id='word_1_247' title='bbox 819 3786 970 3843; x_wconf 88' lang='lat' dir='ltr'>nonnullos</span> <span class='ocrx_word' id='word_1_248' title='bbox 992 3787 1078 3844; x_wconf 87' lang='lat' dir='ltr'>etiam</span> <span class='ocrx_word' id='word_1_249' title='bbox 1096 3787 1146 3844; x_wconf 88' lang='lat' dir='ltr'>alii</span> <span class='ocrx_word' id='word_1_250' title='bbox 1162 3786 1376 3844; x_wconf 87' lang='lat' dir='ltr'>Lachmannnm</span> 
     </span>
     <span class='ocr_line' id='line_1_31' title="bbox 206 3865 1374 3946; baseline -0.001 -20"><span class='ocrx_word' id='word_1_251' title='bbox 206 3865 355 3926; x_wconf 86' lang='lat' dir='ltr'>admisisse</span> <span class='ocrx_word' id='word_1_252' title='bbox 377 3869 565 3946; x_wconf 86' lang='lat' dir='ltr'>scripserunt,</span> <span class='ocrx_word' id='word_1_253' title='bbox 588 3875 619 3927; x_wconf 88' lang='lat' dir='ltr'>ut</span> <span class='ocrx_word' id='word_1_254' title='bbox 642 3869 796 3930; x_wconf 87' lang='lat' dir='ltr'>Goebelius</span> <span class='ocrx_word' id='word_1_255' title='bbox 817 3871 847 3927; x_wconf 92' lang='lat' dir='ltr'>in</span> <span class='ocrx_word' id='word_1_256' title='bbox 863 3872 964 3928; x_wconf 86' lang='lat' dir='ltr'>Museo</span> <span class='ocrx_word' id='word_1_257' title='bbox 979 3872 1071 3930; x_wconf 83' lang='lat' dir='ltr'>Rhen.</span> <span class='ocrx_word' id='word_1_258' title='bbox 1094 3871 1148 3929; x_wconf 89' lang='lat' dir='ltr'>XV</span> <span class='ocrx_word' id='word_1_259' title='bbox 1163 3888 1191 3942; x_wconf 87' lang='lat' dir='ltr'>p.</span> <span class='ocrx_word' id='word_1_260' title='bbox 1209 3873 1280 3940; x_wconf 79' lang='lat'>404,</span> <span class='ocrx_word' id='word_1_261' title='bbox 1305 3872 1374 3938; x_wconf 84' lang='grc'>412,</span> 
     </span>
    </p>
   </div>
   <div class='ocr_carea' id='block_1_17' title="bbox 205 3952 1374 4110">
    <p class='ocr_par' dir='ltr' id='par_1_17' title="bbox 205 3952 1374 4110">
     <span class='ocr_line' id='line_1_32' title="bbox 207 3952 1374 4028; baseline -0.002 -16"><span class='ocrx_word' id='word_1_262' title='bbox 207 3955 268 4012; x_wconf 90' lang='grc'>414</span> <span class='ocrx_word' id='word_1_263' title='bbox 291 3967 353 4026; x_wconf 89' lang='lat' dir='ltr'>sqq.</span> <span class='ocrx_word' id='word_1_264' title='bbox 381 3987 406 3992; x_wconf 93' lang='lat'><em>-</em></span> <span class='ocrx_word' id='word_1_265' title='bbox 441 3952 483 4012; x_wconf 84' lang='lat' dir='ltr'>cf.</span> <span class='ocrx_word' id='word_1_266' title='bbox 507 3970 580 4026; x_wconf 88' lang='lat' dir='ltr'>qnae</span> <span class='ocrx_word' id='word_1_267' title='bbox 603 3955 656 4013; x_wconf 91' lang='lat' dir='ltr'>sub</span> <span class='ocrx_word' id='word_1_268' title='bbox 678 3955 764 4014; x_wconf 89' lang='lat' dir='ltr'>finem</span> <span class='ocrx_word' id='word_1_269' title='bbox 787 3956 871 4014; x_wconf 86' lang='lat' dir='ltr'>huius</span> <span class='ocrx_word' id='word_1_270' title='bbox 892 3956 983 4014; x_wconf 91' lang='lat' dir='ltr'>libelli</span> <span class='ocrx_word' id='word_1_271' title='bbox 1006 3956 1042 4016; x_wconf 91' lang='lat' dir='ltr'>de</span> <span class='ocrx_word' id='word_1_272' title='bbox 1064 3972 1184 4015; x_wconf 89' lang='lat' dir='ltr'>numero</span> <span class='ocrx_word' id='word_1_273' title='bbox 1206 3956 1374 4028; x_wconf 81' lang='lat' dir='ltr'>paginarum</span> 
     </span>
     <span class='ocr_line' id='line_1_33' title="bbox 205 4036 964 4110; baseline -0.008 -14"><span class='ocrx_word' id='word_1_274' title='bbox 205 4038 354 4110; x_wconf 85' lang='lat' dir='ltr'>archetypi</span> <span class='ocrx_word' id='word_1_275' title='bbox 375 4036 506 4098; x_wconf 83' lang='lat' dir='ltr'>adiciam.</span> <span class='ocrx_word' id='word_1_276' title='bbox 951 4079 964 4090; x_wconf 79' lang='grc'><strong><em>,</em></strong></span> 
     </span>
    </p>
   </div>
   <div class='ocr_carea' id='block_1_18' title="bbox 211 4111 1376 4322">
    <p class='ocr_par' dir='ltr' id='par_1_18' title="bbox 211 4111 1376 4322">
     <span class='ocr_line' id='line_1_34' title="bbox 296 4111 1373 4220; baseline 0 -22"><span class='ocrx_word' id='word_1_277' title='bbox 296 4139 336 4212; x_wconf 77' lang='lat'>²⁸)</span> <span class='ocrx_word' id='word_1_278' title='bbox 357 4140 402 4197; x_wconf 89' lang='lat' dir='ltr'>Ita</span> <span class='ocrx_word' id='word_1_279' title='bbox 418 4141 520 4212; x_wconf 84' lang='lat' dir='ltr'>scripsi</span> <span class='ocrx_word' id='word_1_280' title='bbox 531 4141 584 4199; x_wconf 89' lang='lat' dir='ltr'>Th.</span> <span class='ocrx_word' id='word_1_281' title='bbox 598 4111 727 4217; x_wconf 84' lang='lat' dir='ltr'>Beigldo</span> <span class='ocrx_word' id='word_1_282' title='bbox 743 4148 859 4202; x_wconf 81' lang='lat' dir='ltr'>auctore</span> <span class='ocrx_word' id='word_1_283' title='bbox 876 4143 971 4220; x_wconf 89' lang='lat' dir='ltr'>(lahni</span> <span class='ocrx_word' id='word_1_284' title='bbox 985 4143 1113 4202; x_wconf 85' lang='lat' dir='ltr'>Annales</span> <span class='ocrx_word' id='word_1_285' title='bbox 1124 4143 1232 4200; x_wconf 89' lang='lat' dir='ltr'>LXVII</span> <span class='ocrx_word' id='word_1_286' title='bbox 1248 4160 1275 4214; x_wconf 87' lang='lat' dir='ltr'>p.</span> <span class='ocrx_word' id='word_1_287' title='bbox 1292 4140 1373 4215; x_wconf 83' lang='lat'>330).</span> 
     </span>
     <span class='ocr_line' id='line_1_35' title="bbox 211 4225 1376 4322; baseline 0.002 -40"><span class='ocrx_word' id='word_1_288' title='bbox 211 4225 422 4284; x_wconf 88' lang='lat' dir='ltr'>coniunctinum</span> <span class='ocrx_word' id='word_1_289' title='bbox 445 4225 475 4283; x_wconf 93' lang='lat' dir='ltr'>in</span> <span class='ocrx_word' id='word_1_290' title='bbox 497 4225 643 4286; x_wconf 90' lang='lat' dir='ltr'>codicibus</span> <span class='ocrx_word' id='word_1_291' title='bbox 665 4233 825 4286; x_wconf 86' lang='lat' dir='ltr'>exstantem</span> <span class='ocrx_word' id='word_1_292' title='bbox 847 4231 882 4322; x_wconf 20' lang='lat' dir='ltr'>et!</span> <span class='ocrx_word' id='word_1_293' title='bbox 897 4243 915 4285; x_wconf 88' lang='lat' dir='ltr'>a</span> <span class='ocrx_word' id='word_1_294' title='bbox 930 4227 1088 4301; x_wconf 88' lang='lat' dir='ltr'>Berna&#39;ysio</span> <span class='ocrx_word' id='word_1_295' title='bbox 1110 4227 1264 4300; x_wconf 86' lang='lat' dir='ltr'>probatum</span> <span class='ocrx_word' id='word_1_296' title='bbox 1282 4225 1376 4284; x_wconf 81' lang='lat' dir='ltr'>tulerit</span> 
     </span>
    </p>
   </div>
   <div class='ocr_carea' id='block_1_19' title="bbox 0 0 1525 4830">
    <p class='ocr_par' dir='ltr' id='par_1_19' title="bbox 0 0 1525 4830">
     <span class='ocr_line' id='line_1_36' title="bbox 0 0 1525 4830; baseline 0 0"><span class='ocrx_word' id='word_1_297' title='bbox 0 0 1525 4830; x_wconf 95' lang='lat' dir='ltr'> </span> 
     </span>
    </p>
   </div>
  </div>
 </body>
</html>
