3028 4830
733 441 754 500 4

155 657 275 722 onager
295 657 369 700 ecus
391 635 473 700 aries
496 637 668 719 musculus,
692 659 757 703 non
780 638 931 702 continuo
954 659 994 702 ex
1015 639 1094 721 ipsis
1108 638 1175 703 illis
1190 639 1327 703 nomini·

156 758 217 822 bus
244 760 350 821 exstat
377 760 474 838 atque
496 760 631 839 apparet
653 757 714 838 111,
744 757 799 838 qui
812 779 928 822 rerum
951 762 1027 822 sunt
1047 760 1160 840 ignari.
1182 797 1225 804 -
1247 757 1327 822 Lau-

156 877 228 943 dari
241 877 341 960 igitur
355 875 480 958 debent,
503 877 557 956 qui
571 875 632 939 h‘oc
647 876 741 940 modo
756 876 900 959 linguam
916 875 1205 959 locupletauerunt,
1227 899 1329 959 neque

155 999 293 1081 possunt
314 993 452 1059 refutari
473 1014 555 1076 quae
569 993 683 1058 dehac
697 1016 732 1058 re
746 995 868 1058 iudicat
882 995 1037 1060 Horatius
1052 1018 1099 1078 sp.
1111 995 1142 1058 ΙΙ
1159 1001 1193 1077 3,
1202 1001 1241 1064 48
1258 1017 1328 1078 sqq.

157 1115 212 1198 qui
248 1119 357 1180 autem
388 1134 489 1178 nouas
522 1113 669 1177 notiones
702 1113 796 1177 nouis
824 1115 992 1180 uocabulis
1019 1137 1038 1178 a
1066 1135 1098 1178 se
1125 1115 1265 1178 inuentis
1292 1135 1330 1178 ac

158 1233 253 1298 factis
282 1233 401 1297 uestire
416 1236 486 1296 'aut
508 1253 572 1295 non
594 1231 666 1296 uult
687 1237 744 1296 aut
765 1254 830 1297 11011
852 1239 974 1316 potest,
1002 1234 1030 1298 ci
1053 1234 1119 1302 dixi
1141 1233 1330 1316 uulgaribus

79 1374 82 1380 ‘
157 1352 323 1418 uocabulis
345 1372 430 1416 noua
452 1351 485 1415 ui
505 1352 607 1414 auctis
627 1352 782 1439 utepdum
797 1373 874 1417 esse.
921 1353 1053 1417 ‘dixeris
1070 1349 1202 1436 egregie,
1218 1357 1330 1416 notum
1386 1437 1391 1450 .

159 1472 186 1537 si
214 1471 330 1536 callida
362 1470 498 1535 uerbum
525 1470 699 1535 reddiderit
726 1471 875 1535 iunctura
905 1473 1038 1535 nouum’
1070 1472 1162 1554 (Hor.
1190 1471 1233 1536 ib.
1265 1473 1329 1555 47).

159 1609 354 1674 quamquam
380 1587 442 1654 hoc'
463 1590 569 1654 minus
590 1590 794 1673 probandum
816 1611 885 1654 esse
906 1590 1047 1671 uidetur,
1076 1611 1172 1672 quam
1194 1591 1331 1654 alterum

143 1686 245 1794 ,quod
267 1707 348 1789 dixi,
371 1729 473 1791 neque
495 1709 578 1773 enim
600 1729 638 1773 ea
659 1708 770 1792 lingua
792 1709 915 1793 optima
936 1714 994 1790 est,
1018 1730 1099 1791 quae
1120 1709 1223 1772 multa
1237 1731 1331 1773 uoca-

158 1831 237 1898 bula
264 1829 376 1909 habet,
410 1848 547 1910 quorum
575 1832 719 1911 potestas
746 1829 915 1911 multiplex
943 1828 1000 1908 sit,
1029 1827 1084 1891 sed
1112 1848 1193 1909 quae
1219 1850 1331 1911 pauca.

158 1947 341 2026 huiusmodi
367 1945 532 2011 uocabulis
559 1967 645 2011 noua
667 1949 700 2010 ui
721 1947 876 2031 praeditis
899 1947 954 2030 qui
977 1947 1026 2009 uti
1048 1946 1178 2029 uolunt,
1209 1969 1333 2031 semper

160 2070 292 2136 eandem
321 2055 506 2132 iuncturam
529 2087 659 2130 seruare
681 2071 738 2130 aut
760 2067 876 2132 addere
895 2067 960 2130 alia
982 2066 1107 2145 debent,
1131 2087 1212 2148 quae
1234 2067 1334 2134 ambi-

161 2191 315 2274 guitatem
338 2190 532 2251 remoneant.
577 2185 662 2268 quod
681 2187 787 2250 sinon
802 2187 849 2268 fit,
872 2186 989 2253 misera
1002 2185 1204 2268 perturbatio
1220 2187 1332 2253 oritur.

161 2313 193 2374 et
214 2307 289 2372 hinc
311 2307 466 2389 originem
488 2305 610 2368 ducunt
630 2304 918 2369 iniucundaeillae
940 2303 1187 2386 disceptationes
1208 2305 1243 2368 111
1264 2327 1333 2370 uer·

161 2429 277 2495 borum
306 2423 525 2489 controuersia
552 2423 694 2505 positae,
728 2444 811 2505 quae
843 2427 911 2486 tam
940 2423 1121 2505 frequenter
1150 2445 1221 2488 cum
1249 2425 1333 2490 inter
1391 2401 1398 2410 ’

162 2554 285 2612 ceteros
299 2544 388 2608 uiros
403 2542 524 2622 doctos,
540 2546 610 2605 tum
624 2542 710 2606 inter
723 2542 932 2626 philosophos
947 2543 1149 2606 exstiterunt.
1179 2564 1255 2606 nam
1270 2545 1332 2608 duo

165 2685 259 2750 saepe
290 2662 435 2729 homines
464 2681 528 2724 1110
559 2660 731 2744 eodemque
758 2661 914 2726 uocabulo
943 2660 1176 2726 diuersissimas
1202 2661 1333 2744 insigni·

163 2788 281 2849 uerunt
295 2783 451 2847 notiones.
496 2783 533 2843 ut
549 2773 639 2856 ἰδέας
652 2781 741 2844 uocis
755 2781 805 2844 uis
821 2779 948 2844 aliaest
963 2779 997 2842 in
1013 2775 1333 2845 cotidiano'sermone

164 2903 301 2982 Graeco,
330 2900 395 2966 alia
421 2899 456 2962 in
484 2899 749 2982 philosophorum
777 2897 884 2979 libris,
915 2897 979 2961 1111
1006 2919 1118 2962 rursus
1146 2898 1232 2980 apud
1254 2899 1333 2980 alios

164 2999 383 3106 philosophos,
406 3017 526 3081 1111111
548 3017 665 3098 linguis
688 3017 839 3098 antiquis,
862 3016 1242 3099 111111110111110111111,
1265 3023 1335 3082 tum

165 3140 230 3206 alia
258 3139 292 3202 in
320 3135 448 3220 uulgari
470 3134 703 3198 Germanorum
732 3156 890 3217 sermone,
919 3136 984 3199 alia
1005 3137 1039 3200 in
1061 3136 1335 3220 philosophorum,

166 3259 231 3324 alia
253 3256 340 3340 apud
354 3255 434 3320 alios
449 3253 658 3338 philosophos
672 3253 874 3336 recentiores,
897 3255 974 3336 quin
989 3255 1086 3318 etiam
1101 3256 1188 3338 apud
1202 3256 1335 3320 eundem

167 3378 264 3443 aliam
289 3375 389 3440 habet
414 3378 608 3458 potestatem
636 3372 790 3456 singulari
817 3393 964 3455 numero,
992 3373 1090 3437 aliam
1111 3374 1241 3457 plurali.
1286 3380 1336 3440 tot

166 3498 264 3581 igitur
286 3500 318 3559 et
339 3498 451 3559 tantae
473 3491 680 3557 difficultates
702 3491 747 3556 eis
769 3491 945 3556 uincendae
967 3497 1056 3575 sunt,
1080 3495 1136 3575 qui
1157 3493 1336 3558 discernere

166 3614 275 3679 uarias
303 3611 442 3677 eiusdem
470 3610 620 3676 uocabuli
643 3611 789 3675 notiones
816 3616 848 3675 et
876 3612 991 3676 uolunt
1019 3617 1051 3692 et
1073 3613 1199 3678 debent.
1243 3612 1337 3677 facile

112 3726 115 3735 ’
165 3734 266 3818 igitur
288 3731 494 3796 concedemus
516 3729 660 3812 Pottio2)
683 3729 912 3793 dissensionem
930 3729 1194 3812 philosophorum
1209 3735 1336 3794 tantum

169 3873 233 3918 non
255 3869 380 3915 omnem
403 3854 508 3914 ortam
530 3869 599 3915 esse
621 3847 825 3914 e‘uocabulis
846 3869 996 3931 peruerse
1017 3847 1199 3915 intellectis.
1289 3854 1291 3858 ’

255 3969 318 4034 Sed
338 3967 433 4032 redeo
454 3967 496 4031 ad
509 3967 718 4032 Heraclitum.
761 3967 953 4042 Heraclitus,
976 3965 1069 4048 quasi
1087 3966 1169 4068 alter
1184 3967 1338 4034 Hercules

169 4088 255 4153 inter
277 4085 494 4170 philosophos,
516 4085 636 4150 multas
659 4107 774 4170 easque
797 4085 948 4151 sublimes
971 4085 1117 4150 notiones
1139 4086 1262 4169 primus
1285 4109 1337 4152 ex-

169 4241 373 4254 *nn—-

259 4328 285 4411 ²)
301 4327 465 4402 Zeilscdrift
473 4330 535 4401 stis·
544 4328 722 4405 philosoplis
736 4348 764 4387 u.
771 4327 876 4403 philos.
888 4326 982 4400 Icritdc,
1001 4327 1056 4390 101.
1068 4327 1166 4386 XLIII
1175 4345 1207 4405 p.
1222 4331 1281 4390 127
1294 4345 1337 4400 sq.
