3028 4830
688 393 728 450 47

631 473 782 481 -—.—

121 589 161 652 dc
194 588 306 653 suibus
339 589 455 652 ucuiui
483 589 636 670 iquotuu,
669 589 734 652 uisi
765 589 819 668 qui
842 606 949 670 oproe
983 606 1046 652 ocu
1071 594 1188 669 uuturd
1220 607 1296 653 succ

121 709 241 773 uocari.
291 708 384 771 boues
406 706 529 787 perfeci
556 708 649 770 ctiouc
676 715 758 769 otuuc
786 711 860 770 suut
887 706 979 770 uuiti
1005 708 1039 770 iu
1065 705 1238 772 Dardanio
1267 712 1296 772 ct

123 825 239 890 Medio
267 831 295 889 ct
327 825 473 890 Thracio.
519 827 604 888 osiui
630 825 692 906 scri
720 825 755 888 iu
779 823 924 906 Phryyio
953 830 981 888 ct
1011 825 1181 906 Ioscoouio.
1225 825 1312 907 equi

122 945 186 1027 feri
210 945 245 1007 iu
273 943 455 1030 Hispuuioc
483 945 638 1007 citerioris
666 943 845 1024 rcyiouitue
872 943 1000 1024 aliquot.
1025 948 1077 1006 et
1098 941 1130 1005 Π
1152 948 1186 1023 2,
1216 947 1251 1006 2:
1280 963 1297 1006 c

125 1063 204 1142 feris
227 1063 308 1126 cuitu
323 1061 497 1141 pecudibus
514 1062 655 1141 primum
678 1063 757 1126 dicis
780 1083 855 1126 oues
877 1062 1115 1142 comprehensos
1138 1061 1296 1130 1111101111-
1356 1037 1361 1047 ¹

124 1181 218 1244 uitem
240 1201 277 1244 uc
294 1179 541 1260 mansuefactos.
585 1199 667 1260 quae
689 1179 816 1262 quidem
831 1179 977 1250 uocabuli
993 1180 1043 1258 uis
1058 1185 1136 1262 apto
1156 1201 1233 1244 sene
1248 1185 1297 1246 est

124 1303 157 1362 et
185 1299 376 1363 conueniens
403 1298 465 1364 toti
487 1299 583 1380 primi
605 1297 680 1363 libri
703 1281 885 1362 Lucretium
906 1297 1101 1381 prohoemio.
1146 1319 1220 1361 num
1242 1297 1297 1362 uhi

126 1437 193 1480 non
224 1424 300 1482 suut
327 1423 514 1480 mansuetae
532 1417 683 1499 pecudes,
714 1417 876 1500 appetitus
899 1437 1013 1482 oormn
1035 1422 1067 1480 et
1087 1417 1227 1499 impetus
1249 1419 1296 1482 iu-

125 1536 240 1601 domiti
262 1541 391 1599 suntet
413 1534 574 1615 effrenati,
598 1536 656 1598 hes
679 1543 786 1600 autem
808 1537 895 1617 ipsos
913 1537 1055 1619 impetus
1078 1541 1110 1599 et
1132 1535 1296 1619 appetitus
1351 1523 1356 1526 ’

17 1725 22 1736 ,
126 1662 159 1720 et
183 1655 263 1738 qu'ae
284 1677 338 1719 eos
360 1655 461 1718 mouit
475 1653 629 1718 Veuorem
651 1653 714 1718 illio
736 1675 849 1719 seuere
867 1655 970 1721 uoluit
985 1659 1093 1739 potito.
1131 1656 1186 1738 qui
1201 1661 1298 1738 negot

126 1777 172 1839 sic
199 1776 288 1857 feros
310 1776 447 1856 pecudes
474 1781 559 1837 recte
586 1763 654 1836 esse
682 1774 875 1855 explicatae,
905 1775 933 1838 is
956 1774 1059 1838 fucore
1080 1795 1145 1839 non
1167 1775 1296 1857 poterit,

127 1872 206 1977 quiri
228 1892 372 1957 Bentloio
399 1899 528 1957 auctore
554 1894 643 1974 force
672 1898 700 1958 et
721 1895 859 1973 pecudes
876 1894 1023 1974 scribet,
1053 1915 1149 1980 quem
1176 1893 1297 1958 conieo-
1401 1981 1404 1988 Ι

120 2021 235 2094 ,turem
250 2012 472 2076 Lachmannus
495 2031 535 2074 ne
557 2017 783 2075 commemorat
805 2011 941 2092 quidem,
965 2012 1093 2087 scilicet,
1116 2012 1192 2094 quia
1209 2019 1298 2078 reete

130 2131 292 2215 perspexit
324 2131 384 2194 loci
417 2129 585 2212 rationem.
613 2166 655 2176 -
685 2128 764 2194 Cum
798 2130 897 2212 igitur
925 2130 1029 2211 possit
1055 2151 1124 2194 esse
1147 2131 1234 2196 idom
1259 2151 1298 2195 eo

129 2251 263 2319 rationis
285 2270 422 2332 expers,
458 2248 543 2330 quod
571 2248 715 2330 equidem
742 2248 877 2312 minime·
899 2268 994 2332 nego,
1023 2268 1088 2311 nou
1115 2254 1222 2314 tamen
1249 2257 1310 2315 est

128 2367 373 2453 neglegendum,
401 2367 486 2451 quod
508 2373 593 2432 recte
614 2367 823 2450 Doederliuus
846 2367 951 2448 docet,
973 2368 1126 2432 rotioucou
1147 2369 1207 2434 hoc
1229 2369 1298 2434 loco

128 2512 196 2555 nou
222 2496 288 2554 tem
315 2509 384 2552 esse
411 2487 572 2570 cogitandi
599 2487 680 2567 uim,
710 2508 807 2569 quam
834 2493 918 2550 recte
945 2486 1073 2552 uiuendi
1094 2494 1297 2570 potestatem,

130 2632 198 2692 qua
221 2609 312 2688 iusti,
341 2607 448 2690 aequi,
475 2606 552 2671 boui
575 2607 687 2692 simuS,
707 2596 782 2688 *qua
803 2605 888 2690 leges
910 2606 1082 2671 condamus
1105 2614 1202 2688 atque
1223 2606 1299 2672 ciui·

129 2735 241 2794 tatem.
285 2727 326 2791 ad
348 2725 573 2808 moreeigitur
594 2724 758 2818 pertinet

219 2846 260 2909 Vt
287 2848 357 2928 fero
384 2849 435 2910 ‘est
463 2842 583 2908 animal
610 2843 731 2907 homini
757 2841 924 2922 infestum,
951 2841 996 2905 sic
1017 2863 1117 2923 pecus
1139 2843 1298 2926 (pecudis)

131 2964 252 3030 animal
284 2971 333 3028 est
361 2963 482 3028 homiui
509 2962 746 3044 obsequens-et
774 2961 861 3025 utile.
912 2980 976 3023 non
1003 2980 1099 3023 cerne
1125 2966 1300 3026 noscuntur

132 3084 282 3167 pecudes,
310 3083 365 3147 sed
386 3081 479 3164 ,foliis
506 3103 544 3146 ao
572 3083 730 3166 gramine,
761 3079 954 3162 omninoque
984 3081 1076 3145 luctis
1097 3078 1240 3162 pabulis,
1268 3086 1300 3145 et

130 3223 250 3285 magna
283 3222 360 3285 pers
393 3199 611 3265 mansuefacta
644 3205 703 3264 est,
755 3221 795 3264 ne
823 3199 955 3281 pecudis
983 3198 1110 3280 quidem
1137 3219 1253 3262 nomen
1280 3219 1300 3262 a

132 3321 280 3385 Lucretio
303 3319 348 3382 sic
368 3323 559 3401 usurpetur,
586 3325 622 3383 ut
644 3318 677 3382 id
699 3322 879 3401 promatur,
903 3314 987 3396 quod
1008 3316 1070 3380 hue
1091 3315 1212 3380 bestiae
1235 3316 1301 3379 siut

132 3437 269 3504 rationis
297 3442 456 3520 expertes,
487 3457 680 3521 quemquem
708 3433 795 3517 opud
822 3433 902 3496 ulios
924 3433 1095 3514 scriptores
1118 3434 1301 3516 saepissime

132 3559 194 3622 heo
214 3557 247 3620 ui
269 3556 395 3639 legitur,
416 3565 454 3623 ut
477 3557 563 3640 apud
586 3555 649 3620 Cio.
670 3557 704 3620 iu
721 3553 787 3619 Oct.
810 3552 847 3639 II¹
864 3559 893 3631 9,
917 3557 968 3617 20.
1011 3553 1055 3616 od
1074 3552 1141 3618 Au.
1160 3550 1180 3614 Ἰ
1198 3556 1245 3630 16,
1262 3555 1298 3614 o.

132 3677 171 3740 dc
193 3677 244 3757 off.
267 3673 282 3738 Ι
305 3679 355 3755 30,
381 3680 450 3740 105.
914 3736 917 3740 ,

219 3793 362 3856 Primum
384 3792 536 3856 animalia
557 3795 725 3855 mansueto
745 3765 880 3871 pecudes
902 3793 1073 3852 uocantur:

184 3935 197 3990 1
225 3935 280 3991 163
325 3937 458 3998 armenta
479 3937 565 4003 etque
587 3931 661 3988 eliae
678 3929 812 4006 pecudes,
836 3942 926 4000 genus
947 3941 1031 3985 omne
1052 3925 1189 3988 ferorum.

185 4069 198 4126 1
221 4071 281 4128 257
325 4068 393 4127 hinc
414 4066 507 4126 fessae
527 4067 650 4141 pecudes
671 4063 770 4137 pingui
792 4079 844 4134 per
865 4060 971 4133 pabula
991 4061 1068 4122 laetu

327 4186 448 4242 corpora
470 4169 626 4242 deponunt,
649 4171 679 4224 et
700 4163 824 4223 condens
845 4163 954 4221 lacteus
974 4181 1058 4223 umor

326 4271 465 4330 uberibus
486 4273 585 4329 menet
605 4266 746 4327 distentis,
