3028 4830
965 461 970 474 Ι

206 564 319 628 eontra
339 558 368 642 (Ι
383 565 454 626 266.
472 558 547 644 544)
570 560 629 624 etsi
651 558 797 643 designat
817 555 857 622 τὸ
878 555 922 643 μὴ
945 549 990 639 bb,
1013 561 1121 622 tamen
1138 577 1202 622 non
1223 555 1370 622 flectitur.

98 659 100 662 ⁵
206 679 394 760 ubicumque
422 682 529 742 autem
549 675 587 741 τὸ
608 675 652 764 μὴ
675 670 711 741 b'u
734 675 892 760 signifieat
914 680 947 738 et
968 676 1009 741 ob
1031 697 1102 742 eam
1124 695 1191 740 rem
1213 674 1293 740 artis
1315 694 1371 738 uo·

206 795 354 861 cabulum
386 800 450 877 est,
486 796 602 878 pendet
630 817 646 860 e
675 794 975 879 praepositionibus.
1025 793 1143 876 legitur
1170 794 1255 860 enim
1281 793 1371 875 quin·

207 914 443 997 quiensdeciens
473 915 515 979 od
536 915 584 979 att
605 915 671 979 siue
692 916 805 994 nitroso,
829 912 997 978 undeciens
1020 913 1159 994 dercilo,
1189 917 1239 978 ter
1262 933 1277 977 e
1298 912 1371 977 aiio.

206 1054 307 1115 neque
328 1033 455 1097 uidetur
476 1033 692 1096 nominatiuus
714 1030 752 1096 τὸ
773 1028 817 1117 μὴ
839 1024 876 1096 ὅν
897 1031 1030 1114 reperiri
1052 1030 1085 1095 in
1104 1030 1222 1096 litteris
1238 1029 1371 1110 Latinis,

207 1151 294 1233 apud
318 1150 499 1216 Ciceronem
520 1156 605 1216 certe
627 1173 692 1215 non
713 1151 882 1235 reperitur,
905 1171 1007 1233 neque
1027 1149 1225 1215 Parmenidis
1248 1153 1371 1214 senten·

206 1269 298 1332 biam:
330 1263 430 1350 μόνον
457 1265 496 1333 τὸ
526 1260 562 1333 bb
593 1264 678 1352 ἔστι,
708 1267 747 1348 τὸ
773 1267 817 1354 μὴ
846 1261 882 1332 bb
912 1263 967 1334 οὐκ
996 1264 1085 1335 ἔστιν
1112 1269 1196 1334 uerti
1223 1269 1371 1352 possein

205 1389 306 1454 uerba
327 1388 443 1452 Latina
465 1389 645 1472 putauerim
665 1387 717 1453 uel
739 1388 779 1454 ob
802 1407 871 1452 eam
893 1408 1035 1470 caueam,
1058 1387 1145 1471 quod
1166 1387 1243 1454 haec
1263 1386 1372 1470 lingua

206 1506 340 1572 articulo
363 1512 462 1572 caret.
484 1545 527 1554 --

290 1641 487 1708 Artemone
508 1640 618 1727 (ζῷον,
646 1641 779 1706 Aristot.
802 1643 840 1706 cte
862 1641 1021 1720 cutmen
1046 1649 1077 1723 1,
1106 1643 1235 1708 betebtee
1256 1642 1371 1723 wesen)

206 1759 292 1842 apud
320 1758 501 1824 Lucretium
529 1761 608 1824 artis
638 1759 829 1824 uocabulum
856 1764 913 1824 est.
958 1764 1008 1824 oui
1037 1781 1118 1842 quae
1146 1759 1278 1824 similem
1306 1760 1372 1824 uim

206 1877 292 1960 apud
312 1878 397 1942 huno
419 1881 549 1960 poetam
570 1878 691 1943 habent
712 1878 869 1945 uocabula
891 1879 968 1942 haee
991 1885 1078 1942 sunt:
1099 1851 1240 1961 dnm,
1263 1899 1370 1960 pecus,

204 1998 292 2078 feren
319 1997 417 2063 bestia
447 2018 512 2061 non
532 1997 708 2079 inuenitur,
739 1998 829 2064 belua
852 1997 947 2062 semel
968 1997 1006 2062 de
1028 1997 1217 2063 monstrosis
1240 1998 1372 2064 nubium

88 2178 90 2182 ,
205 2114 316 2198 figuris

219 2272 259 2330 IV
285 2275 343 2330 140
379 2271 446 2331 inde
468 2271 539 2329 alios
561 2273 676 2331 trahere
698 2280 785 2346 atque
807 2273 943 2362 indpcere
966 2274 1052 2332 belua
1066 2274 1179 2332 nimbos
1202 2271 1343 2344 (uidetur).

207 2436 261 2501 sed
270 2441 398 2518 praeter
408 2456 445 2498 ea
455 2456 536 2518 quae
545 2441 619 2500 sunt
629 2438 749 2502 enimet
753 2443 853 2518 pecus
859 2439 931 2520 fere
943 2459 1022 2522 opus
1031 2444 1100 2504 erat
1111 2439 1279 2520 uocabulo,
1288 2437 1368 2522 quod

206 2555 308 2638 magis
337 2575 356 2618 a
385 2554 530 2618 sensibus
552 2560 635 2620 esset
658 2549 839 2619 senensium
862 2577 987 2638 quoque
1008 2558 1109 2641 magis
1132 2559 1166 2622 in
1186 2559 1371 2622 uniuersum

205 2673 238 2738 id
261 2672 432 2758 significari
447 2678 563 2756 posset,
585 2674 619 2737 in
638 2694 701 2757 quo
721 2679 804 2738 esset
819 2677 904 2761 ψυχὴ
922 2671 1107 2764 eistatensi,
1131 2682 1167 2740 ut
1183 2674 1368 2741 Aristoteles

171 2839 173 2842 -
206 2793 261 2874 ait,
283 2794 304 2857 i.
323 2813 349 2857 e.
366 2793 473 2857 anima
497 2794 641 2862 sensibus
664 2798 696 2857 et
716 2793 867 2858 interiore
881 2770 971 2860 motu
986 2797 1078 2860 uitali
1093 2797 1250 2879 praedita.
1289 2792 1372 2878 quod

207 2911 334 2994 quidem
354 2912 458 2976 uoluit
481 2915 670 3008 uomentem
692 2935 768 2996 esse,
791 2895 840 2979 cui
863 2915 997 2997 opponit
1018 2935 1069 2979 res
1092 2915 1199 2980 anima
1219 2918 1372 2980 carentes.

206 3031 341 3095 multum
368 3030 467 3112 igitur
495 3030 647 3095 differt-a
668 3037 788 3114 pecude
818 3039 849 3097 et
877 3035 963 3116 fero,
994 3033 1169 3116 dequibus
1191 3033 1373 3098 nominibus

206 3147 292 3212 infra
313 3147 432 3228 dicam3
452 3148 536 3218 inter
559 3150 746 3218 connectent
761 3158 867 3218 autem
882 3157 914 3217 et
930 3154 1050 3219 animal
1063 3153 1124 3218 etsi
1138 3152 1224 3217 haud
1239 3152 1373 3218 multum

205 3267 358 3331 interesse
386 3267 528 3359 uidetur,
560 3275 666 3333 tamen
682 3270 936 3368 'haudquaquam
957 3275 1055 3356 poeta
1077 3271 1255 3356 promiscue
1277 3271 1371 3335 modo

205 3386 280 3469 hoc,
309 3387 404 3454 modo
426 3387 480 3453 illo
503 3389 629 3452 nomine
650 3388 734 3453 idem
756 3389 929 3474 significat,
961 3411 1155 3476 quamquam
1177 3390 1286 3474 negari
1308 3412 1372 3455 non

170 3568 176 3579 ,
206 3511 312 3590 potest
331 3478 500 3571 'interdum
522 3528 623 3590 neque
644 3528 679 3572 re
700 3507 798 3588 ferre,
820 3514 929 3574 utrum
950 3510 1141 3574 uocabulum
1162 3514 1318 3594 ponatur,
1341 3514 1374 3573 et

206 3627 353 3690 unimores
374 3611 459 3708 poni,
484 3619 602 3711 quippe
623 3647 704 3709 quae
727 3626 816 3691 notio
839 3629 881 3693 sit
896 3627 994 3693 latius
1010 3635 1134 3712 patens,
1157 3651 1216 3712 pro
1231 3629 1371 3694 annuali.

206 3743 261 3808 sed
282 3765 455 3826 numquam
478 3745 659 3812 Lucretium
682 3747 802 3812 enimet
825 3747 989 3829 scripsisse
1010 3769 1070 3831 pro
1092 3750 1249 3814 subnecte
1271 3748 1305 3812 in
1327 3747 1372 3811 eis

204 3862 354 3926 carminis
376 3864 533 3947 partibus,
556 3865 611 3930 ubi
631 3864 882 3949 philosophetur,
900 3866 1009 3931 statim
1023 3865 1210 3932 monstrabo
1226 3864 1372 3930 omnibus

204 3979 281 4045 locis
304 3981 437 4048 collatis.

288 4118 455 4186 Aabnoata'
482 4121 663 4187 Lucretium
698 4143 748 4186 res
780 4121 887 4186 anima
919 4129 1063 4187 carentes
1090 4142 1251 4206 opponere
1278 4121 1371 4188 modo

205 4236 280 4302 dixi.
324 4237 384 4304 hoc
405 4237 444 4304 fit
