3028 4830
746 392 788 452 44

692 473 843 485 ῥ--ιιι

131 663 155 692 ⁵.
180 595 269 656 amet
290 592 388 673 poite
409 588 683 668 distributionem,
711 607 793 671 quee
816 592 951 653 uocetur
974 580 1146 671 (διαίρεσιν
1169 583 1237 650 siue
1259 607 1359 670 μερι-

181 703 288 793 σμόν),
310 729 375 791 que
398 708 569 773 anunente
591 706 753 771 notionem
776 705 905 770 uberius
928 705 1097 785 describit3
1120 709 1190 768 tum
1210 703 1299 784 ferae
1314 724 1360 767 ex

164 826 426 924 'quadrupedum
456 845 569 908 genere
597 825 734 890 maxime
762 823 802 887 eb
829 824 983 888 armentis
1012 823 1147 906 aliisque
1169 822 1358 907 pecudibuS‚
1388 803 1391 809 ¹
1487 897 1488 910 χ

100 979 104 990 ·
183 947 251 1010 siue
278 965 375 1010 saeue
402 943 554 1008 animalia
582 966 603 1008 e
629 943 805 1008 mansuetis
831 942 1017 1026 distinguit,
1045 943 1078 1006 id
1106 942 1192 1024 quod
1212 943 1361 1025 ferorum

184 1065 274 1130 notio
296 1064 414 1149 poscit:

530 1220 620 1262 ...e
641 1207 722 1261 terre
742 1207 842 1274 posset
863 1202 935 1260 oriri

377 1306 590 1378 squamigerum
614 1321 704 1378 genus
726 1310 757 1362 et
776 1305 910 1364 uolucres
932 1319 1085 1376 erumpere
1107 1303 1202 1362 ceelo:

236 1387 252 1470 Ῑ
277 1414 334 1470 163
378 1413 512 1466 ermente
532 1412 620 1480 etque
642 1407 715 1464 eliae
737 1408 871 1479 pecudes
895 1421 984 1478 genus
1007 1402 1092 1464 omne
1106 1406 1247 1478 ferarum

352 1511 488 1568 incerto
511 1516 597 1583 pertu
620 1508 697 1568 culte
718 1525 753 1566 ec
774 1508 890 1566 deserte
910 1513 1052 1566 tenerent.

377 1663 579 1736 preetereessl)
602 1678 694 1736 genus
716 1661 874 1718 humanum
896 1665 1050 1732 mutaeque
1073 1665 1206 1719 netentes

220 1767 249 1824 11
273 1766 334 1824 343
378 1764 592 1835 squamigerum
614 1763 739 1835 pecudes
761 1768 791 1820 et
811 1761 889 1821 leete
909 1767 1042 1822 ermente
1056 1763 1202 1836 feraeque

379 1871 409 1976 et
430 1865 529 1923 ueriee
551 1866 692 1923 uolucres.

186 2054 320 2121 prorsus
342 2031 474 2095 eandem
496 2030 730 2096 distinctionem
754 2030 904 2095 obseruet
926 2030 1018 2114 Verg.
1038 2051 1104 2114 geo.
1132 2030 1180 2094 III
1200 2036 1262 2096 242
1285 2049 1356 2112 sqq.

188 2157 220 2217 et
242 2151 286 2216 IV
309 2157 380 2231 223,
403 2150 480 2215 item
503 2151 586 2215 Stat.
612 2150 704 2218 Theo.
727 2150 756 2214 X
782 2157 851 2216 141.

220 2311 251 2368 11
274 2311 335 2367 922
533 2354 540 2366 .
559 2355 564 2366 .
583 2354 589 2367 .
606 2313 639 2365 ut
660 2313 807 2379 nequeunt
828 2307 960 2364 homines
981 2313 1113 2365 armentu
1126 2308 1273 2379 feraeque

381 2411 458 2468 inter
480 2426 541 2467 sese
563 2410 652 2467 ullem
674 2425 737 2466 rem
759 2409 881 2481 gignere
903 2408 1113 2467 conueniundo.

206 2564 235 2621 11
263 2563 339 2622 1081
385 2560 516 2619 inuenies
538 2561 578 2619 sie
600 2563 799 2633 montiuegum
822 2576 911 2632 genus
932 2577 995 2619 esse
1009 2564 1158 2635 ferarum,

290 2687 298 2700 ν
385 2662 426 2720 sio
447 2662 596 2720 bominum
619 2664 746 2737 genitam
768 2663 888 2738 prolem,
911 2663 952 2720 sic
974 2663 1097 2735 denique
1120 2667 1214 2720 mutes

383 2765 596 2837 squamigerum
618 2765 743 2838 pecudes
765 2771 794 2823 et
815 2782 937 2837 corpore
958 2770 1061 2822 cuncte
1082 2765 1240 2823 uolentum.

193 2919 234 2978 IV
262 2920 341 2977 1189
386 2934 439 2976 nee
460 2919 572 2976 ratione
593 2918 650 2976 alie
672 2919 804 2976 uolucres
825 2924 956 2976 ermente
970 2920 1117 2990 feraeque

385 3025 415 3078 et
437 3019 561 3092 pecudes
583 3026 613 3078 et
635 3035 725 3092 equae
748 3020 877 3077 maribus
898 3019 1047 3078 subsidere
1070 3026 1197 3092 possunt.

230 3173 255 3230 V
280 3175 341 3230 228
385 3176 416 3228 et
437 3171 535 3228 ueriue
558 3175 691 3228 crescunt
711 3171 836 3242 pecudes
857 3177 989 3230 ermente
1002 3165 1159 3244 feraeque.

283 3427 325 3501 31)
346 3425 467 3485 Codices
485 3435 618 3501 praetere
624 3447 635 3496 ;
657 3425 760 3486 borum
782 3433 961 3485 correctores
983 3427 1176 3498 antiquissimi
1198 3433 1228 3485 et
1252 3427 1365 3484 Nonius

190 3520 352 3587 praeterea.
398 3529 571 3584 quemquam
595 3527 666 3572 uere
687 3518 762 3582 sunt,
786 3528 859 3584 quae
875 3513 1075 3570 Lachmamms
1094 3512 1129 3570 de
1145 3529 1198 3570 usu
1209 3521 1364 3587 praeterea

194 3598 274 3655 uocis
303 3596 444 3668 disputet,
475 3604 572 3654 temen
601 3597 678 3666 qnod
701 3598 729 3653 in
752 3598 814 3654 eius
837 3598 930 3654 locum
954 3598 1101 3654 substituit
1119 3598 1299 3672 parturiunt,
1331 3603 1364 3654 nt

194 3686 281 3753 poeta
301 3679 392 3759 dicet:
418 3686 531 3739 ‘omnes
553 3680 714 3738 animantes
735 3683 779 3738 sui
800 3682 914 3752 generis
934 3681 1009 3739 fetus
1029 3682 1128 3760 edunt,
1150 3698 1256 3754 eosque
1271 3681 1364 3754 figure

194 3782 348 3836 corporum
371 3765 531 3822 dissimili':
555 3765 584 3822 id
607 3782 664 3822 non
684 3772 780 3837 potest
794 3783 895 3823 uerum
911 3783 987 3836 essc;
1011 3767 1084 3824 benc
1099 3768 1175 3824 enim
1191 3768 1362 3826 sententiam

194 3854 291 3922 eptem
312 3867 373 3907 osse
389 3867 470 3921 nego.
509 3848 641 3922 equidem
664 3852 806 3908 assentior
822 3852 987 3908 Purmenno
1003 3853 1096 3924 (lebni
1112 3852 1239 3910 Annales
1254 3853 1364 3911 LXVII

195 3953 222 4008 p.
241 3935 323 4006 672),
347 3935 484 4005 quiante
508 3935 583 3993 bunc
608 3951 723 3991 uersum
748 3937 879 3992 lacunem
902 3953 964 3994 esse
986 3943 1093 3994 censet.
1137 3937 1225 4009 idque
1247 3955 1281 3995 eo
1296 3954 1362 4009 pro-

194 4018 320 4079 babilius
347 4025 406 4090 est,
439 4037 495 4090 quo
519 4021 612 4077 minus
634 4026 700 4090 post
721 4021 818 4077 debent
844 4023 883 4090 (u.
908 4022 1106 4092 eeotpoetue
1130 4023 1210 4079 licuit
1232 4023 1364 4094 exempla

195 4103 310 4176 efferre,
333 4103 386 4160 nisi
410 4111 495 4162 antee
517 4105 652 4162 dixisset:
676 4109 721 4162 ‘ct
743 4110 775 4161 ut
793 4103 879 4162 debet
894 4123 964 4180 esse,
986 4106 1074 4164 itere
1091 4124 1159 4163 uere
1174 4106 1236 4164 est’
1272 4124 1363 4184 quere

194 4206 230 4247 ne
252 4189 404 4247 Munronis
427 4187 543 4260 quidem
566 4189 795 4248 emendationem
811 4189 911 4261 probo,
935 4191 983 4262 qui
999 4191 1128 4262 scripsit:
1146 4201 1279 4267 praestet
1292 4212 1361 4262 rem,

193 4273 243 4332 ubi
267 4274 385 4346 insuper
407 4291 467 4330 rem
489 4273 630 4345 displicet.
