3028 4830
758 399 778 460 7

78 675 86 692 x
183 616 239 662 suo
267 594 425 683 neminem
451 616 546 679 posse
571 595 793 680 philosophari
819 595 883 660 nisi
916 613 1003 676 eum,
1029 593 1088 678 ,qui
1114 591 1246 658 auderet
1266 613 1353 659 noua

182 713 325 796 cogitata
345 733 430 778 nouo
453 735 597 780 sermone
618 715 763 795 trador03
785 715 870 778 hanc
884 693 1184 777 autem'nouitatem
1197 711 1352 777 sermonis

180 831 310 895 minime
341 832 526 915 prohibere,
563 833 733 915 quominus
766 831 1027 915 intellegerentur
1059 851 1110 910 ea,
1149 849 1232 914 quae
1264 828 1352 894 dicta

181 954 301 1032 essent,
332 950 387 1016 sed
409 950 517 1033 potius
539 950 717 1034 periculum
733 972 807 1017 esse
829 973 869 1016 ne
892 951 959 1016 eius
982 970 1085 1015 sermo
1109 969 1174 1014 non
1195 953 1282 1014 recte
1302 949 1351 1012 in-

114 1133 117 1138 .
180 1068 401 1152 tellegeretur,
430 1069 481 1132 cui
508 1070 671 1152 ingenium
693 1070 735 1134 ad
756 1091 842 1136 noua
863 1068 1023 1135 uocabula
1044 1066 1195 1151 fingenda
1216 1066 1350 1132 deesset.

50 1243 53 1250 .
178 1209 216 1254 ac
230 1187 325 1252 Plato
343 1186 472 1270 quidem
486 1186 663 1253 luculenter
678 1188 818 1254 ostendit
832 1209 927 1273 posse
941 1187 1039 1252 etiam
1053 1207 1136 1268 oum,
1151 1185 1207 1267 qui
1221 1185 1351 1251 minime

178 1306 343 1373 dubitaret
367 1327 453 1372 noua
473 1306 633 1400 uocabula
652 1307 869 1389 introducere,
899 1326 1041 1371 summas
1062 1303 1217 1369 orationis
1238 1302 1349 1369 audes

178 1423 316 1507 assequi.
372 1426 443 1509 quis
477 1427 561 1491 enim
595 1447 667 1499 eum
700 1426 902 1510 superauerit
934 1424 1089 1490 orationis
1124 1421 1283 1505 elegantia
1315 1427 1348 1487 et

177 1546 368 1609 uenustate?
412 1545 601 1612 Aristoteles
623 1566 700 1612 uero
721 1543 873 1629 probauit
895 1565 989 1627 posse
1010 1542 1145 1608 eundem
1166 1542 1201 1606 in
1216 1541 1347 1607 summis

175 1667 209 1726 et
234 1662 322 1728 uitae
350 1662 509 1729 humanae
538 1669 571 1728 et
597 1663 780 1728 litterarum
803 1663 1043 1746 quaestionibus
1065 1658 1349 1745 magistrumfieri
1420 1673 1423 1682 ’

173 1781 340 1848 hominum
361 1783 619 1850 doctissimorum
641 1783 783 1850 omnium
805 1788 957 1847 aetatum.
1001 1781 1052 1846 his
1073 1781 1173 1863 igitur
1194 1778 1347 1864 exemplis

91 1951 96 1957 .
173 1901 351 1984 propositis
383 1903 541 1987 Epicurus
574 1923 613 1966 ea
646 1902 801 1967 orationis
833 1902 915 1966 uitia
946 1897 1039 1966 facile
1069 1899 1175 1964 uitare
1207 1901 1346 1980 poterat,

176 2001 292 2099 quibus
321 2019 477 2084 Heracliti
513 2021 616 2085 oratio
648 2020 864 2084 laborauerat.
914 2016 1027 2084 uerum
1055 2019 1140 2082 anim
1167 2037 1245 2082 uero
1274 2037 1346 2082 cum

176 2136 311 2220 respicio
333 2137 375 2202 ad
397 2158 450 2219 ea,
479 2158 561 2219 quae
584 2159 623 2202 ex
645 2138 773 2221 scriptis
795 2137 862 2202 eius
884 2141 1088 2218 manserunt,
1111 2154 1229 2218 magno
1251 2154 1347 2219 opere

176 2275 303 2337 uereor,
333 2277 373 2320 ne
394 2257 562 2322 Platonem
590 2277 716 2340 quoque
739 2255 1006 2338 Aristotelemque
1027 2254 1268 2338 perturbatores
1289 2277 1345 2321 uo·

172 2351 317 2439 naturus
326 2373 439 2455 bierit;
462 2374 564 2459 ipsius
587 2376 671 2440 enim
686 2376 790 2441 oratio
806 2365 873 2439 t'am
888 2373 1017 2440 humilis
1032 2378 1082 2440 est
1095 2378 1128 2439 et
1142 2377 1235 2480 tanto
1250 2396 1345 2460 opere

172 2493 326 2560 abhorret
348 2516 368 2559 a
389 2493 611 2578 philosophiae
633 2494 805 2577 dignitate,
826 2499 864 2558 ut
885 2515 957 2558 oum
979 2493 1123 2558 oratione
1145 2493 1290 2559 Platonis
1312 2500 1345 2560 et

172 2613 356 2679 Aristotelis
389 2613 478 2682 nullo
512 2620 609 2696 pacto
640 2615 743 2698 possit
775 2613 966 2698 comparari.
1021 2635 1087 2678 non
1120 2613 1261 2678 abstinet
1290 2613 1344 2678 ille

134 2720 141 2736 ⁸
173 2729 301 2812 quidem
329 2734 422 2798 nouis
449 2732 615 2826 uocabulis
636 2733 760 2798 -hoc
787 2733 821 2798 in
842 2733 1000 2823 neminem
1021 2739 1166 2797 ueterum
1188 2753 1225 2796 ac
1248 2754 1288 2797 ne
1308 2734 1343 2798 in

173 2847 355 2915 Ciceronem
377 2851 504 2934 quidem
526 2851 612 2917 cadit
632 2873 690 2916 nec
710 2847 745 2916 in
767 2872 960 2936 quemquam
979 2852 1192 2918 recentiorum
1211 2857 1342 2935 praeter

170 2967 324 3036 finitimos
346 2974 475 3036 nostros
498 2945 764 3053 tradsrhenanos,
793 2970 849 3056 qui
871 2993 936 3038 non
959 2971 1078 3038 audent
1095 2969 1162 3036 ullo
1183 2971 1340 3038 uocabulo

169 3087 226 3169 uti,
250 3089 336 3170 quod
358 3111 423 3155 non
445 3091 488 3155 sit
510 3092 668 3156 sancitum
682 3091 782 3157 lexico
798 3089 987 3174 academiae,
1010 3091 1236 3173 recuratione,
1258 3112 1341 3175 quae

169 3228 234 3272 non
267 3207 309 3272 sit
337 3210 416 3275 mise
441 3210 462 3274 ὰ
490 3210 522 3276 lo
546 3213 653 3292 portic
682 3213 720 3276 de
747 3217 815 3277 tout
842 3212 870 3276 lc
896 3213 1006 3278 camede
1033 3248 1075 3256 -
1102 3231 1167 3275 non
1195 3231 1338 3294 prorsus,

169 3326 310 3408 inquam,
332 3348 417 3392 noua
439 3328 596 3396 uocabula
611 3330 712 3394 euitat
726 3329 894 3413 Epicurus,
918 3328 973 3394 sed
987 3327 1021 3393 id
1034 3328 1209 3393 clarissime
1223 3329 1340 3394 docent

169 3443 290 3527 scripta
311 3445 392 3528 eius,
415 3468 487 3512 eum
510 3448 557 3512 sic
577 3437 782 3530 iudicauisse,
805 3448 939 3514 eundem
961 3468 1018 3512 neo
1040 3445 1138 3512 alium
1160 3466 1338 3512 sermonem

166 3563 524 3658 decercnphilosophum
546 3572 642 3650 atque
666 3590 730 3651 quo
747 3568 853 3652 quiuis
869 3567 951 3632 alius
968 3566 1106 3649 scriptor
1120 3569 1152 3630 et
1167 3564 1215 3629 uti
1228 3572 1339 3649 posset

164 3687 198 3746 et
224 3690 383 3768 uteretur,
413 3687 503 3769 eique
525 3687 748 3771 perspicuitati
775 3707 906 3771 operam
928 3684 1065 3766 dedisse,
1094 3705 1175 3769 qnae
1195 3685 1337 3769 placeret

165 3823 230 3894 non
252 3803 354 3870 doctis
376 3809 517 3895 tantum,
537 3806 590 3870 sed
613 3805 743 3873 cuilibet
764 3807 885 3871 homini
906 3805 945 3871 de
967 3803 1074 3887 uulgo.
1118 3825 1156 3868 ea
1176 3825 1253 3869 uero
1267 3825 1336 3884 per·

165 3921 318 4004 spicuitas
340 3923 430 3988 nulla
451 3928 509 4006 est,
533 3946 609 3990 nam
629 3925 658 3988 is
679 3925 899 4009 philosophus,
922 3925 978 4008 qui
999 3945 1020 3988 a
1037 3921 1181 4007 quolibet
1194 3923 1336 4006 intellegi

164 4039 261 4122 uolet,
283 4063 304 4108 a
324 4043 414 4108 nullo
428 4043 639 4128 intellegetur,
663 4049 728 4125 aut,
752 4044 780 4108 si
794 4042 1000 4127 intellegitur,
1023 4041 1205 4126 philosophi
1220 4061 1334 4105 nomen

163 4160 247 4225 male
274 4167 307 4226 et
334 4160 554 4228 fraudulenter
581 4162 643 4229 sibi
670 4168 812 4247 arrogat.
856 4162 1060 4248 philosophia
1088 4160 1172 4227 anim
1199 4164 1335 4225 nonest

162 4279 342 4346 cuiuslibet.
379 4285 412 4346 et
432 4281 591 4366 Epicurus
613 4283 741 4367 quidem
762 4287 898 4349 nonest
919 4303 980 4367 pro
1001 4279 1194 4366 philosopho
1215 4281 1332 4348 haben·
