3028 4830
711 359 865 454 Α
886 331 888 338 ,

203 563 348 642 rpdteste,
368 579 434 625 cus
454 557 512 624 der
533 557 654 624 oetdcra
675 557 910 639 capessendo.
942 560 1045 640 tropea
1059 557 1115 622 der
1129 558 1300 640 tcdcutuup
1314 555 1374 638 opt.

169 757 173 762 ,
201 677 340 754 iaculum
355 704 399 732 =
413 675 500 760 quod
514 674 631 741 iacitur
645 699 675 743 a.
691 699 730 759 a.‚
746 699 782 744 so
798 674 958 742 saeculum
974 703 1017 732 =
1034 671 1120 756 quod
1135 674 1273 739 seritur!
1309 675 1374 738 iam

203 816 300 878 quam
321 795 510 863 bremssime
531 794 600 860 fieri
622 801 731 880 potest
753 816 862 860 omnes
879 792 1018 858 Lucretii
1041 791 1126 858 locos
1148 790 1371 872 examinemus,

202 919 240 980 ut
261 913 425 979 uideamus
447 914 594 996 primum,
617 914 712 979 huius
734 913 883 980 uocabuli
905 895 971 977 uim
993 913 1035 976 nd
1057 910 1295 996 philosophiam
1309 931 1374 974 non

202 1031 251 1097 ite
279 1031 452 1115 pertinere,
481 1039 519 1097 ut
546 1033 628 1098 artis
648 1031 847 1099 'uocabulum
869 1031 931 1095 dici
953 1033 1072 1114 possit;
1102 1030 1215 1095 deinde
1236 1035 1274 1094 ut
1295 1029 1374 1093 Bne·

203 1148 320 1215 cheleri
348 1151 540 1216 sententiam
567 1171 628 1215 usu
656 1151 847 1217 Lucretiano
874 1151 999 1235 egregie
1025 1150 1227 1230 confirmari,
1259 1147 1377 1231 princi·

203 1268 310 1352 palem
343 1242 452 1336 tamen
483 1275 678 1366 potestatem
707 1270 823 1335 sensim
852 1291 890 1336 ao
919 1269 1076 1354 paulatim
1104 1269 1137 1334 in
1165 1265 1376 1351 temporalem

203 1386 372 1456 transiisse
391 1388 626 1474 intellegamus.
835 1393 837 1398 ’
986 1394 988 1398 ’

290 1541 483 1626 Principalis
505 1542 554 1608 uis
577 1550 610 1609 et
632 1541 757 1606 serendi
779 1541 936 1624 quaedam
960 1539 1134 1606 similitudo
1157 1539 1295 1605 maxime
1309 1537 1375 1622 pel-

144 1716 153 1725 .
203 1658 289 1724 lucet
310 1681 350 1725 ex
371 1658 422 1726 his
444 1661 537 1726 locis:
577 1683 581 1704 ¹

390 1816 481 1876 multa
496 1817 633 1878 uidemus
654 1819 730 1876 enim
752 1818 840 1878 rebus
861 1834 1034 1878 concurrere
1056 1816 1173 1889 debere,

233 1917 259 1978 V
282 1919 343 1979 847
388 1936 407 1976 u
441 1919 629 1992 propagando
651 1921 762 1993 possint
783 1920 944 1993 procudere
965 1921 1071 1978 saecla.

244 2073 259 2132 l
283 2073 344 2133 597
387 2072 568 2131 nec‘totiens
590 2077 709 2146 possent
730 2075 889 2146 generatim
910 2076 1007 2132 saecla
1029 2071 1138 2132 referre
1167 2133 1170 2141 ,

388 2180 520 2234 naturam
543 2191 638 2233 mores
659 2175 768 2262 uictum
790 2182 942 2250 motusque
964 2180 1125 2248 parentum.

103 2342 105 2347 ’
203 2341 329 2425 pencris
351 2344 458 2405 autem
480 2340 570 2410 notio
592 2339 840 2406 luculentissime
862 2341 1056 2424 perspicitur
1077 2340 1241 2410 hocloco:

390 2495 447 2555 hue
468 2495 580 2555 accedit
600 2502 633 2554 ut
654 2496 685 2554 in
707 2513 818 2556 summa
839 2514 886 2556 res
908 2498 988 2556 nulla
1011 2499 1050 2559 sit
1072 2515 1138 2570 una,

392 2599 477 2656 unica
498 2613 572 2671 quae
594 2599 730 2673 gignatur
752 2605 782 2658 et
802 2601 888 2660 unica
908 2602 1027 2674 solaque
1048 2607 1167 2673 crescat,

208 2703 239 2762 11
267 2705 347 2762 1079
393 2701 462 2772 quin
484 2700 619 2773 aliquoiu'
640 2703 695 2762 siet
715 2703 812 2762 saecli.
824 2703 1026 2778 permultaque
1047 2703 1147 2764 eodem

392 2803 450 2863 sint
471 2820 585 2878 genere.

149 2984 152 2989 ·
207 2952 264 3020 ubi
291 2954 360 3036 ipse
382 2957 481 3037 poeta
502 2955 605 3020 saeclo
626 2959 659 3018 et
677 2975 790 3037 penore
810 2953 883 3036 pari
905 2958 1068 3036 potestate
1088 2954 1202 3020 utitur.
1247 2973 1379 3037 prorsus

167 3087 169 3092 ’
208 3070 319 3136 eodem
349 3072 444 3135 modo
476 3071 724 3154 intellegendum
752 3079 801 3137 est
828 3073 977 3138 mucltebre
1005 3074 1143 3138 sueciam
1169 3073 1214 3138 IV
1239 3079 1319 3140 1219
1346 3078 1380 3136 et

207 3189 358 3270 V1019;
387 3191 463 3254 item
491 3189 604 3256 bucera
631 3192 736 3256 saecla
757 3190 785 3253 V
808 3196 870 3258 863
901 3198 933 3255 et
950 3190 1001 3256 ¹VI
1025 3197 1121 3272 12343
1150 3195 1244 3277 attyro
1273 3194 1380 3286 amma

209 3309 314 3376 saecla
335 3308 379 3392 VI
402 3315 463 3377 722
486 3315 518 3375 et
544 3316 634 3376 1107.
679 3310 792 3376 horum
822 3309 979 3393 locorum
993 3310 1200 3376 similitudine
1222 3295 1380 3395 probatur

207 3427 291 3494 i'dem
318 3429 514 3496 uocabulum
533 3429 631 3495 etiam
653 3430 687 3494 in
709 3430 754 3494 eis
775 3428 938 3510 uersibus,
967 3429 1023 3494 ubi
1045 3451 1116 3498 cum
1139 3433 1286 3514 genetiuo
1308 3431 1378 3514 plu·

208 3548 286 3613 ralis
314 3553 438 3616 numeri
465 3549 603 3615 nominis
625 3548 798 3614 animantis
820 3549 954 3614 alicuius
977 3549 1182 3616 coniunctum
1204 3557 1268 3634 est,
1296 3551 1379 3616 hanc

206 3670 419 3751 concisum
441 3670 567 3752 habere,
591 3688 785 3758 quamquam
807 3668 875 3752 ipse
896 3671 1062 3752 genetiuus
1083 3691 1143 3754 pro
1157 3668 1271 3734 idoneo
1285 3668 1380 3733 huius

208 3786 255 3850 rei
282 3787 464 3855 testimonio
493 3810 560 3854 esse
590 3808 654 3851 non
676 3793 801 3870 potest,
830 3789 885 3853 sed
906 3788 1015 3871 potius
1037 3810 1054 3853 e
1076 3795 1229 3855 contextu
1251 3786 1379 3872 pendet,

209 3923 350 3988 quanam
377 3908 411 3970 ui
437 3907 499 3973 hoc
525 3906 717 3976 uocabulum
740 3883 960 3991 accipieidum
983 3909 1035 3974 sit.
1080 3913 1250 3974 contextus
1271 3896 1378 3972 eutem

208 4025 242 4090 in
275 4024 422 4109 plurimis
458 4025 639 4102 huiusmodi
673 4027 753 4096 locis
786 4027 985 4095 Lucretianis
1020 4027 1193 4114 principali
1224 4025 1380 4112 potestati

194 4145 307 4246 vianet.
352 4143 398 4212 sic
419 4145 448 4214 V
471 4151 546 4215 852:
