3028 4830
722 345 741 406 6

141 539 209 628 iam
236 559 313 602 nero
340 539 450 624 lingua
477 561 542 604 non
570 539 674 604 solum
694 541 801 624 imago
824 541 1029 624 cogitationis
1051 546 1113 622 1εῖ,
1144 540 1319 606 sedetiam

144 656 394 721 instrumentum
421 657 592 740 cogitandi.
637 663 734 740 atque
761 680 801 724 ne
821 659 1005 723 Heraclitus
1028 659 1155 742 quidem
1178 658 1320 742 cogitare

145 775 265 856 potuit,
289 776 351 840 nisi
374 796 456 858 quae
478 775 572 839 simul
593 797 671 841 uoce
694 783 838 859 notaret,
863 778 991 842 nomine
1012 778 1190 861 insigniret,
1212 777 1319 860 appel-

145 893 237 988 laret.
283 915 346 976 quo
370 893 558 959 sublimiora
580 901 687 960 autem
709 897 873 979 magisque
895 896 1062 961 recondita
1077 895 1218 979 cogitata
1233 902 1318 976 sunt,

143 1033 180 1076 eo
209 1012 314 1078 minus
336 1017 414 1095 apta
437 1014 568 1078 nomina
590 1014 700 1098 lingua
721 1011 766 1080 eis
788 1015 932 1098 praebet.
976 1015 1060 1080 hanc
1083 1016 1124 1081 ob
1147 1034 1215 1078 rem
1237 1033 1320 1096 quae

143 1130 278 1222 proprie
302 1131 405 1195 dicere
431 1130 642 1216 philosophus
670 1155 735 1202 non
763 1138 906 1218 poterat,
935 1154 973 1198 ea
1004 1132 1265 1198 similitudinibus
1287 1136 1319 1195 et

144 1249 306 1313 translata
329 1250 467 1315 dictione
490 1251 668 1334 significare
691 1253 837 1319 debebat.
883 1252 957 1316 hinc
980 1251 1188 1334 factumest,
1216 1255 1254 1314 ut
1276 1250 1318 1314 ab

144 1366 332 1449 aequalibus
362 1391 427 1434 non
457 1369 712 1453 intellegeretur,
748 1393 768 1436 a
795 1372 964 1468 ueteribus
986 1369 1174 1454 posterioris
1202 1368 1319 1433 aetatis

143 1506 318 1569 perperam*
328 1488 523 1571 plerumque
531 1488 781 1573 intellegeretur,
804 1491 890 1572 quod
904 1513 970 1556 non
986 1489 1165 1569 accidisset,
1180 1487 1208 1550 si
1223 1485 1319 1550 claris

143 1609 176 1669 et
198 1603 337 1670 definitis
361 1606 441 1670 artis
464 1606 631 1672 uocabulis
653 1609 897 1692 uti-potuisset3
921 1610 976 1675 sed
998 1631 1045 1691 ea,
1070 1608 1186 1691 quibus
1205 1603 1317 1684 utitur,

143 1725 199 1787 uix
227 1724 308 1788 artis
335 1724 494 1808 uocabula
521 1724 584 1789 dici
610 1733 756 1808 possunt.
802 1733 838 1792 ut
866 1729 972 1812 ignem
1001 1749 1101 1808 suum,
1125 1746 1165 1789 ne
1187 1721 1318 1788 confun-

143 1844 239 1907 datur
270 1864 340 1907 cum
364 1845 492 1927 uulgari
513 1845 600 1929 igne,
624 1848 690 1932 πῢρ
713 1840 846 1926 ἀείζωον
867 1853 979 1929 uocat,
994 1866 1107 1940 ‘aquae
1128 1843 1318 1909 elementum

143 1955 326 2026 θάλασσαν.
376 1964 478 2046 magis
516 1963 579 2027 dici
611 1969 719 2047 potest
750 1964 830 2028 artis
860 1966 1053 2032 uocabulum
1081 1953 1344 2046 ἐναντιοτροπή-

143 2071 248 2162 (Diog.
271 2080 305 2144 L.
328 2081 374 2144 IX
397 2083 445 2165 7),
476 2088 509 2147 at
540 2077 617 2159 ὁδὸς
646 2077 712 2147 dvm
739 2077 847 2166 κάτω,
873 2079 1021 2168 πόλεμος
1042 2080 1097 2148 καὶ
1118 2076 1187 2168 ἔρις
1208 2078 1317 2145 simili·

143 2198 268 2266 tudines
296 2199 441 2284 poeticae
471 2208 561 2285 sunt;
591 2203 668 2285 quid
696 2225 773 2268 uero
802 2205 888 2288 apud
918 2204 1052 2270 eundem
1080 2205 1164 2267 esset
1189 2193 1317 2263 ἀναθυ-

142 2312 265 2400 μίασις,
288 2338 328 2382 111
344 2319 533 2384 Aristoteles
556 2320 683 2402 quidem
706 2323 961 2407 (1111111111Ιῖ)
985 2325 1071 2386 certo
1094 2321 1197 2386 dicere
1218 2341 1315 2385 ausus
1406 2349 1417 2366 ·

75 2459 78 2466 s
142 2439 201 2516 est,
224 2441 255 2501 et
273 2433 366 2524 Δίκη,
389 2432 471 2515 Ζεύς
492 2459 625 2522 prorsus
648 2438 825 2504 abhorrent
842 2462 862 2504 a
877 2461 1022 2505 sermone
1037 2437 1312 2524 philosophorum.

226 2557 340 2639 Itaque
368 2563 503 2622 nonest
529 2558 724 2640 mirandum,
754 2559 839 2640 quod
864 2559 1047 2624 Heraclitus
1073 2558 1213 2643 Epicuro
1240 2577 1312 2641 per·

142 2674 293 2740 turbator
320 2676 408 2740 uisus
436 2682 499 2759 est,
529 2697 587 2741 nec
608 2677 710 2760 magis
737 2677 853 2742 mirum
876 2680 961 2761 quod
982 2681 1051 2763 ipse
1072 2678 1246 2763 Epicurus,
1276 2679 1312 2739 ut

141 2792 219 2874 dixi,
242 2794 402 2860 studiosus
425 2796 487 2860 fuit
509 2797 664 2862 orationis
679 2819 777 2880 quam
791 2799 929 2864 maxime
943 2799 1014 2864 fieri
1027 2803 1136 2882 posset
1151 2796 1312 2881 propriae,

143 2934 214 2976 cnm
240 2917 383 2998 tempore
410 2914 556 2980 floruerit
581 2917 684 2999 magis
710 2921 903 3000 opportuno.
953 2921 1191 2983 antecesserant
1218 2914 1312 2991 enim,

143 3037 180 3095 ut
209 3031 248 3095 de
271 3031 546 3116 ceteris⁸taeeam,
575 3035 670 3100 Plato
693 3041 725 3099 et
747 3036 951 3118 Aristoteles,
979 3058 1115 3120 quornm
1138 3035 1220 3100 alter
1242 3033 1312 3118 pul·

143 3151 317 3216 chritudini
338 3149 510 3233 orationis,
534 3153 617 3218 alter
640 3153 827 3237 subtilitati,
850 3160 984 3238 uterque
1005 3154 1229 3240 perspicuitati
1246 3157 1313 3217 tam
1369 3225 1373 3228 v

142 3271 277 3335 feliciter
299 3291 430 3362 operam
453 3271 550 3354 dedit,
572 3276 609 3335 ut
631 3277 781 3337 neutrum
803 3276 973 3358 quisquam
991 3280 1154 3359 aequaret.
1197 3274 1312 3338 horum

141 3390 240 3473 igitur
266 3389 413 3454 uirorum.
438 3411 536 3473 opera
563 3413 666 3459 sermo
694 3393 742 3458 ita
763 3395 909 3459 excultus
931 3398 995 3477 est,
1022 3400 1060 3458 ut
1087 3392 1234 3460 omnibus
1255 3414 1312 3476 po·

129 3509 332 3575 ‘sterioribus
361 3509 506 3592 exemplo
534 3515 626 3576 esset.
676 3516 843 3592 praeterea
870 3483 1004 3597 uterque
1031 3514 1141 3604 docuit
1167 3513 1312 3598 exemplo

323 3717 380 3774 qua
401 3717 490 3776 oeque
512 3701 640 3761 mobilius
661 3702 813 3780 quicquam
832 3723 921 3780 neque
943 3706 1052 3764 11111ιί111
1073 3713 1166 3765 cantol
1181 3748 1188 3763 .
1206 3750 1238 3768 ..

141 3802 189 3859 hic
211 3800 247 3859 de
268 3806 373 3873 mente,
397 3817 470 3873 quae
493 3819 633 3878 corporea
651 3810 756 3864 natura
772 3807 819 3878 sit,
843 3807 939 3880 agitur
960 3805 1008 3882 (cf.
1024 3807 1225 3880 Reisaclrerus,
1241 3808 1314 3884 Epi-

141 3887 203 3944 curi
235 3884 270 3944 de
305 3886 465 3945 animorum
500 3895 604 3948 natura
638 3890 772 3949 doctrina
800 3909 818 3950 a
844 3893 980 3952 Lucretio
1009 3891 1150 3966 discipulo
1178 3897 1313 3966 tractata,

141 3971 240 4030 Gelon.
267 3971 357 4043 1855,
379 3989 407 4044 p.
432 3976 482 4034 21.
506 3974 727 4048 Schocmannus,
751 3976 936 4036 schediasma
958 3977 993 4037 de
1016 3979 1137 4050 Epicuri
1159 3978 1313 4057 theologia,

142 4056 303 4129 Gryphisw.
330 4058 419 4129 1864,
442 4076 471 4130 p.
498 4061 557 4132 17).
601 4061 676 4119 hene
702 4077 871 4134 corpoream
898 4063 1003 4122 mentis
1030 4069 1163 4123 naturam
1189 4066 1313 4125 nominis

143 4146 291 4213 expertem
314 4148 399 4201 uocat
421 4143 528 4202 nullam
550 4145 637 4204 aliam
659 4146 696 4205 ob
719 4163 849 4220 cansam,
876 4148 933 4206 nisi
955 4147 1032 4220 quod
1053 4149 1115 4221 ipse
1137 4148 1173 4207 de
1195 4151 1249 4209 hec
1269 4159 1312 4230 r'e,

143 4242 216 4298 quae
237 4225 315 4285 nulle
329 4232 384 4300 est,
407 4228 479 4288 nihil
494 4229 556 4290 soit.
573 4265 615 4274 -
629 4231 797 4292 Ciceronem
811 4234 906 4308 (11111.
922 4233 937 4291 Ι
955 4235 1003 4305 10,
1019 4235 1071 4308 22)
1087 4231 1220 4294 refellere
1235 4237 1313 4298 nolo.
