3028 4830
716 333 752 397 31

149 533 237 596 locus
259 551 297 596 00
320 528 425 596 differt
447 551 467 592 a
480 529 721 614 superioribus,
744 531 829 614 quod
850 531 900 596 his
922 533 1066 598 uersibus
1089 532 1253 615 quaeritur
1275 534 1314 598 10

151 651 334 716 animandis
348 647 517 734 uermibus‚
541 649 579 713 10
594 649 707 714 animis
723 650 767 714 010
782 651 978 716 extrinsecus
992 651 1201 733 insinuandis,
1216 672 1312 734 quam

150 771 192 834 ob
226 790 293 834 rem
320 767 453 834 fortasse
481 768 719 834 substantiuum
748 769 833 852 quod
862 769 977 836 dicitur
1004 770 1132 836 uerbale
1158 771 1312 854 praetulit

131 873 256 972 00110.
1059 969 1060 974 ¹

233 1007 301 1070 Iam
322 1006 424 1070 locum
449 1005 610 1088 adeamus,
632 1006 687 1073 ubi
710 1029 808 1091 aeque
829 1029 875 1084 ae
888 1007 917 1071 V
932 1014 992 1076 820
1014 1007 1248 1092 philologorum
1263 1016 1311 1074 est
1367 1001 1370 1009 ’

146 1125 328 1206 diiudicare,
352 1131 462 1190 utrum
485 1127 606 1192 animal
627 1125 785 1194 scribatur
808 1148 848 1190 an
871 1129 1029 1208 animans,
1056 1150 1127 1192 cum
1143 1129 1310 1212 'scriptura

144 1251 289 1311 ueterum
310 1243 465 1309 librorum
487 1245 637 1308 mutilata
660 1245 715 1310 sit:

322 1402 388 1444 narn
410 1391 487 1444 certe
509 1401 545 1443 ex
566 1387 634 1443 uiuo
656 1385 793 1446 Centauri
814 1405 871 1447 non
893 1387 926 1446 fit
945 1389 1049 1463 imagO,

147 1489 186 1547 IV
216 1493 276 1550 738
319 1487 399 1546 nulla
420 1487 474 1546 fuit
496 1489 629 1559 quoniam
652 1487 717 1546 talis
739 1495 843 1548 natura
864 1491 961 1549 aniana
977 1537 983 1550 .
1001 1535 1033 1550 ..

145 1635 196 1700 hic
222 1637 345 1720 primus
368 1635 541 1701 Lambinus
570 1644 602 1702 et
628 1643 703 1720 post
724 1659 795 1701 eum
817 1638 1037 1703 Lachmannus
1060 1646 1092 1705 et
1114 1637 1307 1722 Bernaysius

75 1797 77 1800 -
143 1757 509 1839 animalisscripserunt.
544 1754 711 1821 Goebelius
724 1757 1307 1846 0010010001((10000111000025)
1396 1799 1398 1806 <

142 1875 297 1959 postulat,
319 1881 357 1939 ut
380 1877 550 1940 animantis
566 1876 733 1956 scribatur,
756 1897 864 1940 errare
878 1877 1005 1942 uidetur
1019 1879 1070 1942 uir
1086 1878 1306 1961 sagacissimus

143 2015 201 2058 nec
222 1995 301 2057 satis
323 2014 436 2078 graues
459 2002 534 2058 sunt
556 2014 636 2076 quas
658 1994 754 2060 affert
776 1997 925 2060 rationes.
969 1997 1108 2078 primum
1122 1996 1163 2060 ad
1177 2017 1306 2062 uersum

145 2113 262 2179 111856
277 2115 428 2196 prouocat
450 2133 547 2195 supra
569 2114 770 2197 exscriptum,
795 2115 849 2196 qui
867 2121 1061 2180 tamencum
1077 2115 1305 2180 dissimillimus
1351 2191 1354 2198 Ι

146 2232 196 2313 011,
219 2215 359 2295 0111101
379 2251 447 2296 rem
468 2230 564 2313 ualet,
587 2253 662 2296 nam
683 2233 807 2299 1111010
829 2234 899 2299 cibo
914 2233 1066 2317 capiendo
1082 2235 1199 2316 agitur,
1222 2255 1304 2317 quae

141 2372 192 2417 res
206 2350 353 2416 omnibus
368 2351 474 2416 anima
489 2351 645 2435 praeditis
660 2353 834 2416 eommunis
849 2360 907 2419 est.
945 2352 1056 2418 deinde
1071 2352 1188 2436 pergit:
1206 2352 1303 2418 ‘Nam

139 2492 242 2554 neque
277 2471 370 2537 aliter
402 2471 464 2534 nisi
499 2471 618 2555 plurali
651 2493 782 2554 numero
810 2472 891 2537 dixit
920 2474 1085 2554 animalia,
1109 2443 1172 2537 1100
1199 2471 1304 2555 placet

139 2591 278 2656 eiusdem
300 2593 369 2656 soni
390 2591 548 2676 repetitis.
592 2590 634 2656 ad
656 2590 839 2656 euitandum
861 2597 967 2656 autem
981 2591 1134 2657 eiusmodi
1151 2587 1302 2674 ὁμοιοτέ-

140 2709 250 2774 λευτον
271 2711 356 2776 hunc
376 2732 505 2776 uersum
526 2709 657 2794 Vergilii
679 2710 771 2793 (Aen.
786 2709 817 2772 Π
833 2708 887 2794 56)
909 2718 941 2774 01
962 2712 1104 2791 codicum
1126 2712 1302 2775 auctoritas

19 2867 22 2874 .
91 2813 96 2824 ’
142 2836 174 2895 01
196 2829 322 2896 Seruius
345 2832 389 2896 sic
409 2831 472 2914 legi
493 2830 598 2895 iubati
619 2828 777 2911 Troiaque
798 2849 883 2893 nuno
905 2836 1015 2909 staret,
1039 2829 1220 2911 Priamique
1241 2839 1300 2892 arx

139 2947 207 3013 alta
233 2951 393 3016 maneres!
445 2955 479 3014 at
508 2948 594 3032 quod
620 2948 782 3032 ingratum
809 2947 871 3013 fuit
893 2946 1024 3031 Vergilii
1051 2925 1198 3029 auribus,
1224 2968 1300 3012 num

96 3153 99 3164 Ι
137 3067 220 3132 idem
241 3090 368 3134 necesse
397 3076 446 3134 est
468 3069 649 3135 Lucretium
671 3067 1134 3137 1001111010001,.0010000010
1156 3050 1314 3150 equidem*

137 3189 286 3254 recordor
308 3187 401 3253 huius
422 3191 538 3271 potitae
558 3207 678 3270 uersus,
702 3188 736 3251 in
758 3199 821 3272 qu'u
843 3188 952 3256 eadem
974 3192 1023 3252 est
1040 3186 1110 3251 soni
1126 3186 1299 3252 similitudo

136 3305 250 3373 1318:

309 3447 394 3504 saepe
417 3432 589 3490 salutantum
611 3437 689 3490 tactu
711 3434 889 3506 praeterque·
905 3432 1050 3488 meantum

135 3597 237 3660 neque
258 3576 421 3646 dissimilis
443 3584 491 3644 001
512 3578 540 3644 V
565 3585 641 3646 125:

309 3719 378 3791 quid
400 3720 438 3778 sit
460 3718 542 3800 uitali
563 3724 643 3792 motu
665 3733 806 3793 sensuque
827 3723 976 3778 remotum.

134 3887 193 3931 nee
213 3866 323 3932 dubito
346 3867 433 3950 quin,
456 3867 484 3932 si
505 3867 577 3950 quis
599 3867 632 3931 id
652 3839 748 3952 00000
764 3873 905 3952 quaerat,
928 3866 1035 3948 plures
1051 3863 1189 3940 eiusdem
1206 3887 1296 3951 gena·

134 3986 180 4050 ris
209 3987 252 4051 sit
277 3987 476 4052 inuenturus.
520 3992 686 4070 praeterea
715 4008 779 4051 non
804 3985 910 4066 uide0,
939 4005 1003 4067 qua
1030 3984 1143 4052 100100
1171 3988 1296 4052 ratione

133 4081 305 4170 Lueretius
326 4105 365 4170 (10
392 4105 552 4171 industria
580 4105 772 4172 abstinuerit
801 4103 955 4186 singulari
982 4124 1113 4168 numero
1136 4106 1293 4188 animalis,

133 4223 189 4288 001
211 4245 292 4294 casu
308 4223 427 4309 lactum
450 4245 518 4290 0000
539 4243 727 4309 persuasum
749 4221 860 4303 habeo,
884 4232 917 4286 ut
939 4228 1066 4306 praeter
1087 4221 1177 4286 illum
1190 4221 1294 4288 locum
