3028 4830
155 593 178 650 V
202 594 264 654 875
307 593 364 650 sed
385 609 479 665 neque
500 591 638 652 Centauri
661 591 787 664 fuerunt,
811 610 865 652 nec
885 599 1014 666 tempore
1036 594 1066 652 in
1087 593 1147 650 uilo
1210 606 1212 610 ·

33 671 42 686 ⁹
306 712 371 754 esse
394 701 504 767 queunt
526 695 634 768 duplici
656 702 760 754 nature
782 701 812 754 et
835 711 955 767 corpere
977 696 1046 754 binc
1163 704 1168 716 ‘

303 815 344 857 ex
367 797 536 868 alienigenis
558 797 696 855 membris
719 805 877 870 compacta,
899 803 1028 870 potestas

307 898 375 956 hinc
396 898 475 956 illinc
498 915 550 971 par
572 899 617 956 uis
639 905 672 957 ut
693 915 751 957 non
774 901 811 956 sit
833 897 966 976 (Quam.
990 899 1045 972 sat)
1067 914 1135 971 pars
1156 915 1219 956 esse

935 1000 1092 1074 'potissit'

130 1182 169 1246 de
200 1182 250 1246 his
278 1181 516 1247 Lachmannus:
553 1182 617 1246 ‘Ex
645 1182 721 1263 hac,
748 1183 872 1265 inquit,
904 1182 1077 1249 uerborum
1105 1182 1304 1248 abundantia

130 1298 207 1382 quid
235 1300 306 1364 tolli
335 1301 450 1367 debeat
477 1302 533 1365 uix
561 1307 648 1366 certo
675 1300 738 1366 dici
759 1303 888 1384 potest'
939 1301 1049 1384 itaque
1071 1321 1143 1366 cum
1162 1303 1219 1366 uix
1240 1303 1304 1366 cui-

131 1439 227 1501 quam
248 1420 434 1504 contingere
454 1417 550 1504 poss'e
571 1419 729 1501 uideatur,
752 1425 789 1482 ut
803 1420 875 1504 ipsa
890 1420 1030 1486 Lucretii
1044 1421 1145 1487 uerba
1159 1428 1304 1508 reponat,

132 1536 346 1617 quaerendum
375 1543 438 1613 est,
469 1538 546 1619 quid
573 1539 615 1603 sit
645 1543 677 1601 et
706 1538 911 1621 aptissimum
941 1541 1118 1606 sententiae
1146 1546 1179 1604 et
1206 1543 1304 1622 petita

128 1653 272 1738 dignum.
307 1655 535 1748 ‘Lachmanuus
559 1657 702 1741 scripsit:
721 1664 869 1739 potestas
891 1659 963 1725 diae
984 1661 1072 1726 illinc
1088 1661 1197 1742 pertis
1218 1665 1253 1724 ut
1275 1661 1305 1724 si

124 1795 190 1857 ραν
216 1796 288 1840 esse
309 1777 456 1856 petisset,
490 1777 541 1840 ‘ut
570 1777 714 1842 membra
741 1775 816 1841 hinc
844 1777 918 1842 inde
948 1785 1045 1862 parta
1071 1785 1204 1863 negaret
1233 1779 1305 1863 pari

129 1900 292 1978 potestate
314 1914 382 1959 esse
404 1895 519 1977 posse!
563 1895 773 1980 Bernaysius:
803 1903 948 1978 potestas
977 1899 1048 1963 hinc
1074 1897 1161 1962 illinc
1182 1899 1305 1980 parilis

34 2091 40 2100 ι
131 2015 203 2095 quis
224 2035 285 2078 ααα
307 2033 472 2095 superesse
488 2015 622 2095 petisset
629 2040 639 2096 ;
668 2019 703 2077 at
725 2015 781 2078 uix
803 2014 990 2079 crediderim
1012 2015 1112 2079 ullum
1135 2015 1302 2081 librarium

133 2151 297 2210 superesse
324 2131 516 2196 uocabulum
539 2138 739 2198 mutaturum
761 2133 875 2214 fuisse,
897 2132 928 2197 id
953 2132 979 2196 si
1002 2153 1022 2196 a
1042 2136 1142 2216 poeta
1162 2134 1303 2216 positum
1332 2183 1336 2188 ,

133 2253 242 2328 csset;¹
258 2247 387 2313 Munrc:
410 2257 555 2332 potestas
584 2253 655 2318 hinc
681 2253 770 2318 illinc
798 2254 909 2335 uisque
935 2257 970 2316 at
996 2273 1058 2316 ααα
1080 2257 1131 2316 set
1146 2274 1213 2334 ραν
1235 2274 1304 2319 esse

125 2369 266 2448 petisset.
311 2367 446 2449 denique
468 2369 625 2435 Ernestus
648 2370 686 2434 de
708 2369 876 2436 Leutschio
899 2369 1071 2454 (Philologi
1091 2369 1153 2435 XII
1174 2393 1207 2455 p.
1228 2373 1303 2456 292)

130 2485 228 2548 aliam
256 2487 445 2551 emendandi
476 2488 563 2552 uiam
585 2489 749 2574 ingressus
771 2498 829 2554 est.
874 2489 925 2553 cui
947 2511 1018 2554 curn
1034 2496 1180 2572 potestas
1202 2493 1304 2575 suspi·
1332 2527 1335 2530 ·

129 2606 250 2669 tionem
278 2610 436 2686 moueret,
468 2606 554 2688 quod
576 2606 774 2692 adscriptum
796 2629 864 2674 esse
886 2607 974 2672 ducit
996 2613 1053 2672 aut
1075 2607 1116 2672 ad
1137 2611 1190 2674 uis
1211 2631 1304 2674 uoca-

129 2723 241 2787 bulum
269 2729 325 2787 aut
354 2723 395 2787 ad
415 2725 549 2806 petisset
571 2725 627 2810 (an
649 2749 714 2792 non
736 2727 869 2810 irrepsit
889 2726 998 2809 potius
1020 2731 1154 2809 propter
1175 2748 1303 2790 uersum

133 2846 316 2924 sequentem
348 2841 493 2912 similiter
526 2843 774 2930 desinentemi),
810 2865 940 2912 uersum
969 2843 1016 2906 ita
1043 2864 1190 2908 mancum
1217 2844 1304 2910 refici

130 2981 226 3043 posse
247 2961 303 3040 ait,
327 2960 413 3042 quod
436 2961 545 3026 eadem
568 2965 727 3029 sententia
745 2964 831 3028 infra
846 2985 876 3028 u.
894 2968 957 3030 916
980 2963 1057 3046 (quc
1071 2962 1109 3027 de
1123 2962 1193 3026 loco
1208 2963 1303 3027 modo
1408 2943 1411 2949 ¹

129 3079 283 3163 diximus)
304 3081 488 3161 repetatur3
511 3083 715 3148 scribendum
738 3083 822 3148 enim
845 3083 897 3147 hic
918 3101 1045 3164 quoque
1066 3102 1105 3146 cc
1120 3056 1306 3166 alienigenis
1375 3164 1379 3172 .

128 3198 277 3263 membris
304 3203 462 3278 compacta
490 3201 694 3267 animantum.
748 3201 833 3283 quod
862 3220 919 3284 ego
946 3197 1103 3286 imprimis
1131 3207 1304 3282 propterea

128 3315 333 3398 probandum
362 3336 431 3380 esse
458 3316 554 3397 duco,
582 3316 669 3400 quod
695 3316 774 3381 illud
804 3323 964 3398 compacta
985 3316 1054 3380 sine
1076 3303 1133 3379 suc
1156 3317 1303 3398 genetiuo

129 3455 196 3498 non
216 3433 345 3500 uidetur
367 3436 537 3500 conuenire
557 3411 698 3500 'sermoni
719 3436 925 3514 Lucretiam,
948 3433 1058 3499 addito
1081 3440 1190 3497 autem
1212 3454 1303 3517 gene

129 3552 199 3617 tino
235 3551 315 3617 talia
351 3553 509 3617 adiectiua
544 3561 661 3617 neutra
693 3552 840 3617 Lucretio
873 3550 1085 3616 usitatissima
1118 3556 1202 3615 sunt.
1257 3550 1305 3614 ita

129 3669 319 3736 leutschius
346 3671 416 3735 iure
439 3670 500 3735 sibi
522 3672 611 3736 uisus
634 3678 683 3736 est
705 3671 792 3734 uiam
813 3669 987 3734 muniuisse
1010 3667 1051 3733 ad
1070 3667 1303 3734 emendandum

128 3809 259 3853 uersum
287 3792 363 3869 878,
397 3809 491 3870 quem
523 3789 593 3873 ipsc
627 3809 692 3853 non
724 3789 841 3872 tetigit.
893 3809 964 3852 cum
992 3793 1100 3852 autem
1127 3788 1304 3852 necessario

129 3907 315 3990 requiratur
342 3906 421 3972 haec
449 3907 624 3972 sententia:
660 3909 711 3972 als
739 3909 775 3974 ob
806 3909 857 3974 ein
885 3907 961 3974 tuat
987 3908 1042 3972 des
1064 3909 1152 3974 ανααα
1174 3908 1304 3990 ledrpcrs

129 4027 229 4091 cerem
257 4025 350 4090 thcile
377 4027 433 4090 des
462 4027 583 4118 aedera
610 4025 824 4105 eatsprecden,
858 4045 1060 4108 capeatessea
1088 4027 1158 4091 sein
1184 4028 1302 4106 hiante,

130 4165 228 4227 quam
264 4143 409 4227 proxime
442 4142 483 4207 ad
516 4163 627 4206 uerum
662 4161 712 4204 me
744 4141 891 4206 accedere
925 4142 1073 4207 existimo
1107 4143 1167 4206 hac
1199 4161 1303 4206 emen·

73 4251 80 4262 ’
129 4261 276 4328 datione:
304 4264 376 4330 dine
404 4264 493 4330 tibine
514 4265 607 4345 paca
631 4267 667 4328 at
689 4281 755 4342 ραν
777 4262 807 4326 st
818 4281 903 4342 pars
925 4279 993 4328 esse
1012 4263 1148 4343 petisset.
1193 4259 1302 4326 eadem

1064 4375 1101 4431 3*
