3034 4832
631 391 636 402 '
678 413 717 479 ar

145 603 257 679 7986
301 633 355 678 nec
375 583 471 678 nimio·
485 617 632 691 tum'plus
649 609 738 691 'quam
761 634 837 679 nunc
858 620 992 680 mortalia
1013 626 1110 682 saecla
1149 701 1153 708 ἡ
1234 617 1238 624 ’

300 719 394 781 dulcia
414 720 585 794 linquebant
606 720 731 780 labentis
752 722 860 781 lumina
882 724 969 786 uitae.
1027 737 1031 744 ·

123 875 149 934 V
175 878 253 935 1167
277 935 279 940 ,
299 875 406 949 quippe
428 875 534 933 etenim
556 874 614 932 iam
634 880 696 934 tum
719 873 816 934 diuom
838 855 971 936 mortalia
995 881 1101 968 saeclo

182 987 185 996 ·
299 977 429 1051 egregias
451 977 545 1036 animo
568 975 656 1036 facies
677 977 816 1052 uigilantc
838 977 986 1040 uidebant.

299 1131 423 1203 denique
444 1131 497 1190 sub
519 1129 642 1206 pedibus
663 1130 749 1191 tellus
771 1149 836 1192 oum
856 1137 919 1191 tota
940 1134 1057 1192 uacillat
1205 1211 1209 1218 ι

301 1249 510 1306 concussaeque
533 1233 639 1292 cadunt
659 1227 747 1294 urbes
768 1233 931 1308 dubiaeque
953 1231 1108 1308 minantur,

125 1336 153 1396 V
179 1337 258 1396 1236
302 1335 372 1410 quid
394 1337 506 1408 mirum,
530 1337 554 1394 si
575 1352 606 1395 se
627 1340 760 1395 temnunt
780 1337 914 1396 mortalia
935 1338 1051 1397 saecla?

113 1523 174 1567 nee
194 1502 296 1587 magis
318 1502 357 1568 de
378 1491 522 1587 tompore
544 1503 680 1586 cogitari
702 1507 810 1588 potest
831 1503 881 1569 his
903 1503 997 1569 locis:
1069 1551 1073 1560 ·

181 1661 194 1718 Ι
218 1663 258 1721 20
301 1658 391 1722 efficis
412 1665 446 1719 ut
466 1660 569 1733 cupide
591 1661 752 1734 generatim
773 1665 870 1720 saeclo
892 1667 1062 1735 propagent.

145 1813 175 1870 11
199 1815 257 1874 173
455 1810 691 1894 ...(uoluptae)
712 1814 861 1908 blanditur
882 1819 978 1876 saecla
1001 1821 1170 1890 propagent,
1236 1877 1241 1884 ,

299 1931 335 1975 ne
356 1931 447 1989 genus
469 1917 582 1992 occidat
602 1917 768 2006 humanum.

119 2133 121 2140 k
301 2075 351 2130 aut
372 2087 462 2144 genus
483 2071 639 2130 humanum
660 2071 717 2130 iam
738 2077 801 2130 tum
821 2068 897 2132 foret
920 2089 1003 2131 omne
1025 2078 1214 2152 peremptum,

127 2171 257 2231 V1025
301 2188 355 2232 nec
375 2174 517 2246 potuisset
537 2172 631 2232 adhuc
652 2173 812 2246 perducere
833 2163 931 2233 saecla
952 2190 1090 2249 propago.
1127 2252 1131 2256 ⁵
1185 2233 1189 2238 .

301 2330 363 2384 tum
385 2326 463 2385 color
484 2331 514 2385 et
536 2323 625 2386 iacies
647 2312 794 2386 hominum
817 2327 925 2388 distare
948 2328 1084 2388 uidentur

114 2427 159 2486 VI
176 2431 253 2487 1111
298 2428 420 2518 largiter
441 2435 471 2488 et
492 2428 586 2489 morbi
608 2431 767 2501 generatim
788 2435 886 2524 saecla
907 2437 1016 2491 tenere.

114 2599 229 2678 aperte
254 2596 378 2679 pencris
405 2593 470 2658 uim
497 2594 593 2660 habet
619 2617 683 2661 uno
712 2595 768 2663 illo
795 2587 864 2662 loco
892 2619 956 2681 quo
983 2603 1033 2662 est
1060 2596 1216 2662 derebus
1239 2596 1286 2660 in·

114 2735 247 2778 anrmrs:

113 2872 145 2930 11
178 2874 256 2930 1113
302 2886 425 2946 corpora
446 2870 661 2930 distribuuntur
683 2872 771 2932 etad
793 2890 847 2934 sua
867 2875 965 2936 saecla
986 2871 1134 2946 recedunt,

303 2991 385 3032 umor
407 2973 445 3032 ad
466 2989 604 3046 umorem,
627 2979 745 3033 terreno
767 2992 888 3050 corpore
910 2982 989 3036 terra

202 3077 205 3087 '
303 3076 414 3149 crescit,
437 3082 467 3135 et
488 3077 584 3150 ignem
606 3078 687 3150 ignes
708 3077 874 3154 procudunt
894 3085 1021 3152 aeraque
1043 3085 1102 3140 alr.

116 3238 218 3308 dubia
234 3227 307 3307 'esse
328 3245 436 3327 potest
458 3240 650 3326 significatio
672 3242 821 3310 uocabuli
842 3244 871 3309 V
893 3249 969 3314 339:

304 3399 381 3474 quod
402 3400 428 3458 si
449 3397 524 3460 forte
546 3396 635 3458 fuisse
657 3399 780 3460 antehac
800 3399 901 3460 eadem
924 3397 1146 3472 omniamodis,
1187 3475 1190 3482 .

205 3539 212 3547 -
304 3501 355 3561 sed
376 3501 497 3574 periisse
518 3501 665 3562 homiuum
686 3503 811 3561 torrenti
831 3505 928 3562 saecla
950 3517 1088 3574 uapore.
1106 3545 1137 3560 ..

117 3644 177 3715 sed
208 3649 325 3714 collato
359 3649 385 3720 V
414 3655 475 3718 852
505 3669 570 3714 non
599 3649 725 3730 dubito,
750 3651 840 3733 ‚quin
866 3651 972 3718 saecla
1000 3649 1066 3714 sint
1093 3669 1219 3733 genera.
1249 3687 1291 3698 -—
1359 3737 1360 3742 ἵ

117 3767 214 3845 Quod
235 3774 342 3833 autem
364 3767 430 3833 dixi
451 3769 618 3852 propriam
640 3770 737 3835 soccla'
758 3769 825 3832 uim
847 3770 964 3834 sensim
984 3775 1018 3834 at
1032 3769 1189 3852 paulatim
1205 3769 1291 3853 apud

117 3887 302 3954 Lucretium
324 3888 358 3951 in
380 3888 589 3972 temporalem
610 3885 779 3953 transiisse
793 3887 953 3971 probatur
966 3888 1037 3954 loco
1052 3887 1108 3970 qui
1122 3894 1172 3954 est
1194 3889 1225 3953 11
1242 3893 1292 3970 78,

116 4148 239 4208 tandum
266 4152 323 4221 est,
341 4146 406 4206 'sed
431 4149 528 4206 omnia
554 4147 629 4206 bene
642 4142 818 4220 'procedunt
838 4145 893 4206 hoc
914 4161 1001 4206 uersu
1023 4153 1089 4219 post
1112 4149 1173 4208 793
1197 4153 1292 4207 trans·

116 4236 223 4308 posito.
267 4232 322 4292 hoo
350 4234 374 4290 si
396 4231 443 4306 fit,
466 4252 494 4293 u.
518 4235 578 4294 803
600 4233 763 4291 illustratur
783 4241 892 4309 tempos
914 4251 1048 4305 uernum,
1078 4233 1159 4290 cuius
1181 4235 1292 4292 mantio

117 4319 153 4377 fit
174 4320 246 4392 799,
269 4335 335 4377 nam
358 4319 419 4378 800
442 4322 502 4380 801
527 4319 609 4391 quasi
629 4319 660 4376 in
682 4315 1025 4392 parenthesi-adduntur.
