3028 4830
520 418 812 513 ,Α

148 618 344 684 recesserat.'
394 601 439 682 at'
456 616 589 682 etiamsi>
610 622 736 683 coactus
764 613 955 680 uocabulum
983 614 1148 684 Lucretius
1174 613 1244 698 ipse
1264 614 1324 724 fiu-

149 737 244 819 uerit,
265 739 374 801 tamen
396 755 462 800 non
484 741 534 801 ost
552 735 633 802 artis
649 733 851 817 uocabulum,
875 733 1031 817 quianon
1046 731 1324 817 adipsamphilo·

111 851 114 856 ’
150 855 297 939 sophiam
324 855 474 939 pertinet.
518 851 627 950 p‘otest
651 860 766 942 tamen
794 875 859 920 uox
887 853 996 937 aliqua
1022 853 1094 920 fieri
1121 853 1203 919 artis
1230 873 1324 918 uoca-

149 974 277 1056 bulum,
306 974 433 1040 etiamsi
460 974 674 1041 usitatissima
701 975 736 1040 in
763 974 890 1058 uulgari
919 994 1064 1039 sermone
1092 975 1149 1056 sit,
1178 993 1236 1038 nec
1257 973 1325 1038 eius

150 1095 201 1159 uis
223 1075 421 1178 immutetur,
445 1093 474 1158 si
495 1093 603 1178 plures
625 1093 724 1161 habet
745 1094 892 1160 notiones
910 1092 1024 1159 -hoc
1045 1099 1153 1160 autem
1174 1095 1210 1159 in
1223 1094 1323 1160 maxi·

149 1237 237 1284 mam
266 1221 392 1299 partem
414 1213 502 1279 cadit
524 1251 564 1260 -
587 1216 733 1296 quarum
748 1214 920 1282 notionum
947 1233 1014 1279 una
1035 1234 1055 1279 a
1077 1202 1233 1299 scriptore
1254 1214 1324 1299 phi-

148 1335 283 1420 losopho
318 1333 360 1399 ad
386 1337 490 1399 artem
516 1333 662 1399 adhibita
689 1339 775 1401 certe
804 1341 837 1401 et
864 1334 1015 1402 distincte
1041 1333 1206 1418 definitur,
1241 1335 1326 1401 unde

149 1455 271 1537 euenit,
299 1458 338 1520 ut
366 1459 479 1536 postea
505 1453 556 1517 uel
585 1453 674 1518 nullo
702 1454 766 1521 alio
794 1454 951 1521 uocabulo
974 1451 1084 1521 addito
1105 1453 1325 1539 elegentibus

150 1595 275 1658 semper
301 1553 373 1655 illa,
397 1593 494 1655 quam
516 1571 708 1638 definiuerat
731 1574 884 1657 scriptor,
907 1575 941 1638 ui
961 1594 999 1642 ac
1020 1577 1182 1659 potestate
1203 1573 1326 1638 intelle-

149 1696 255 1777 gatur·
293 1691 355 1778 hac¹
376 1691 502 1757 ratione
523 1692 646 1758 solidas
668 1697 700 1757 et
723 1673 1027 1778 sociatas,'quibus
1050 1691 1216 1760 Lucretius
1239 1693 1326 1776 quod

150 1811 290 1896 Epicuro
312 1819 361 1878 est
383 1805 513 1900 στερεόν
535 1818 568 1877 et
590 1809 780 1900 στερέμνιον
802 1818 836 1879 et
858 1808 1017 1897 ἀμέτοχον
1039 1815 1097 1880 τοῦ
1115 1814 1210 1878 κενοῦ
1226 1811 1323 1878 inter-

149 1939 310 2016 pretatur,
336 1931 377 1998 ab
399 1931 471 2016 ipso
490 1931 572 1997 artis
594 1933 752 2000 uocabula
774 1933 860 1999 facta
883 1939 968 2017 sunt,
992 1954 1188 2019 quamquam
1209 1933 1324 2000 Luere-

150 2053 259 2118 tianns
302 2052 416 2118 horum
451 2051 681 2119 uocabulorum
716 2074 794 2118 usus
830 2073 851 2118 a
886 2053 1047 2120 cotidiano
1086 2054 1165 2120 nihil
1205 2054 1322 2121 differt.

151 2192 289 2255 namque
323 2172 410 2255 quod
442 2171 514 2237 aliis
547 2170 672 2238 artibus
699 2176 732 2237 et
759 2171 833 2236 aliis
861 2172 929 2239 siue
956 2172 1115 2238 humanae
1141 2173 1229 2239 uitae
1257 2173 1323 2239 siue

151 2296 287 2358 naturae
308 2290 386 2356 locis
407 2292 575 2376 proprium
596 2298 661 2373 est,
683 2291 767 2356 idem
789 2295 898 2376 potest
918 2287 1080 2358 interdum
1101 2292 1324 2385 philosophiae

150 2412 318 2500 proprium
345 2432 425 2486 esse,
467 2410 672 2496 philosophia
699 2411 783 2476 enim
804 2433 825 2476 e
845 2408 990 2488 medicis,
1018 2409 1068 2477 at
1081 2410 1274 2496 artificibus,
1304 2434 1344 2479 as

63 2565 68 2574 ·
150 2537 301 2614 naturae,
329 2552 438 2596 rerum
466 2530 661 2616 diuinarum,
692 2531 771 2596 iuris
793 2509 907 2616 peritis
929 2531 1033 2598 multa
1053 2531 1182 2598 illarum
1204 2533 1323 2599 artium

149 2651 309 2718 uocabula
334 2651 518 2737 adoptauit,
546 2672 628 2735 quae
655 2672 740 2716 nunc
769 2651 991 2736 philosophiae
1020 2673 1147 2736 quoque
1167 2653 1324 2720 uocabua

151 2778 237 2837 sunt.
279 2771 358 2838 haec
385 2770 492 2837 omnia
522 2770 549 2835 si
578 2767 910 2863 comprehenderimus
938 2791 975 2837 eo
1005 2770 1152 2854 consilio,
1183 2777 1220 2836 ut
1246 2773 1268 2837 d
1311 2809 1322 2820 ·

150 2892 277 2956 niamus
299 2889 376 2975 quid
399 2891 442 2956 sit
462 2888 543 2956 artis
564 2889 774 2972 uocabulum,
799 2895 903 2971 recte,
931 2895 969 2954 ut
991 2890 1121 2973 opinor,
1144 2895 1323 2956 statuemus
1457 2961 1462 2966 ,

150 3012 232 3074 artis
263 3009 454 3076 uocabulum
487 3010 521 3075 id
552 3029 637 3092 esse,
672 3028 734 3093 quo
770 3007 966 3092 significetur
994 3009 1082 3074 notio
1109 3009 1262 3076 distincta
1290 3016 1323 3075 et

57 3113 59 3118 ¹
150 3129 297 3212 definita,
333 3149 415 3214 quae
447 3130 529 3196 artis
561 3128 695 3194 alicuius
728 3129 862 3213 propria
896 3127 949 3194 sit.
999 3127 1072 3194 hinc
1099 3128 1322 3214 philosophiae
1454 3139 1457 3142 '

149 3247 341 3313 uocabulum
369 3253 419 3313 est
445 3248 494 3328 id,
523 3270 586 3333 quo
609 3247 697 3314 notio
719 3245 941 3332 philosophiae
962 3250 1096 3333 propria
1116 3247 1267 3317 distincte
1290 3253 1322 3314 et

149 3368 281 3434 definite
308 3367 520 3452 significatum
550 3368 685 3452 denique
712 3366 792 3430 artis
814 3365 1005 3434 uocabulum
1027 3367 1252 3436 Lucretianum
1273 3369 1321 3432 in·

149 3487 258 3572 tellegi
288 3492 397 3574 potest
429 3487 462 3552 ui
493 3486 592 3554 latius
620 3491 766 3571 patente,
801 3490 839 3550 ut
866 3487 910 3550 sit
936 3486 1127 3554 uocabulum
1157 3488 1321 3552 notionem

149 3608 334 3675 distinctam
367 3614 401 3674 et
426 3605 591 3672 definitam
617 3627 656 3672 ac
682 3604 906 3704 philosophiae
932 3604 1098 3689 propriam
1126 3604 1320 3688 significans,

150 3726 237 3811 quod
263 3726 380 3812 legitur
406 3725 493 3810 apud
514 3724 706 3791 Lucretium.
750 3724 798 3790 ita
821 3725 848 3789 si
865 3723 1052 3806 definimus,
1080 3724 1177 3788 etiam
1198 3726 1320 3794 hornae·

114 3932 120 3941 Ι
151 3849 270 3914 omerio
297 3847 420 3930 (1830)
449 3851 481 3911 et
509 3845 537 3910 si
558 3863 641 3927 quae
663 3849 739 3909 sunt
760 3844 878 3909 similia
893 3844 933 3926 'in
954 3843 1069 3909 horum
1090 3844 1320 3912 uocabulorum

150 3986 282 4031 numero
305 3972 395 4047 sunt3
418 3969 474 4030 aut
496 3963 671 4030 artioribus
693 3963 811 4029 finibus
832 3962 1108 4048 circumscriptum
1131 3965 1211 4029 artis
1226 3986 1320 4031 uoce·

16 4145 26 4168 ‚
149 4084 260 4151 bulum
282 4085 507 4152 Lucretianum
536 4088 586 4148 est
608 4082 799 4149 uocabulum
820 4083 983 4149 notionem
1004 4081 1189 4150 distinctam
1212 4090 1245 4148 et
1267 4083 1319 4148 de·
1361 4124 1365 4130 ·

149 4203 276 4268 finitam
298 4203 491 4288 significans,
514 4202 600 4287 quod
621 4202 841 4286 philosophiae
855 4199 1064 4268 Lucretianae
1078 4201 1243 4286 proprium
1259 4207 1318 4268 est.

150 4323 205 4390 sed
227 4345 300 4388 cum
320 4323 481 4389 interdum
501 4344 566 4389 non
582 4323 625 4410 sit
638 4322 730 4388 facile
744 4321 927 4403 diiudicare,
950 4319 1027 4402 quid
1042 4320 1085 4384 sit
1098 4319 1319 4406 philosophiae

1082 4439 1115 4490 t*
