3028 4830
764 381 805 454 28

536 586 743 660 ...quoniam
765 602 855 661 genus
875 585 940 658 ipsa
960 579 1068 663 (tarra)
1089 583 1199 642 000οἰ1

229 690 256 746 V
278 692 340 752 820
383 689 538 748 hamanum
560 695 646 762 atquc
668 688 827 765 00100118)
850 703 940 760 prope
962 691 1042 744 certo
1063 689 1193 758 tempore
1215 680 1291 742 indit

384 809 476 866 omne,
500 791 577 866 quod
597 792 629 849 in
649 791 760 864 magnis
782 789 940 849 bacchatur
961 784 1099 846 montibu'
1120 787 1235 860 passim,

286 922 289 930 ·
385 895 535 967 aeriasque
557 893 641 951 simul
661 892 794 952 uolucres
816 887 989 950 uariautihu'
1011 886 1119 951 formis.

227 1045 256 1102 11
279 1045 339 1105 532
537 1060 677 1104 ...rara
698 1038 781 1102 uides
801 1042 892 1116 00310
913 1057 975 1102 esse
997 1040 1135 1100 animalia
1157 1037 1306 1114 quaedam,

207 1191 228 1255 i.
251 1213 277 1257 e.
300 1191 456 1275 quasdam
478 1191 663 1258 animalium
687 1191 816 1275 species,
839 1191 992 1273 equibus
1014 1189 1082 1273 ipse
1100 1187 1210 1253 statim
1225 1185 1371 1274 elephan-

208 1314 278 1375 tum
299 1309 455 1376 nominat.

384 1451 441 1510 huc
461 1449 573 1510 accedit
593 1453 626 1509 ut
646 1449 677 1507 in
700 1464 809 1508 summa
830 1465 877 1507 res
898 1447 977 1508 nullo
999 1448 1037 1508 sit
1057 1464 1124 1521 nna,

384 1553 469 1610 unica
491 1567 564 1624 qnae
587 1553 721 1626 gignatur
742 1554 772 1609 01
793 1550 877 1609 unica
898 1549 1016 1623 solaque
1037 1555 1160 1623 crescat,

387 1653 456 1727 quin
478 1651 611 1726 aliquoiu’
634 1654 687 1712 siet
710 1651 796 1712 saecli
817 1651 1015 1726 permultaque
1037 1652 1139 1710 eodem

210 1755 238 1814 11
263 1755 343 1816 1080
386 1754 579 1827 0101300000.
622 1755 653 1812 in
674 1754 775 1827 primis
796 1752 936 1813 animalia
957 1753 1015 1810 sint
1035 1753 1196 1812 docimento
1208 1753 1263 1827 19);

388 1856 518 1915 inuenies
540 1856 582 1914 sic
603 1856 797 1928 montiuagum
819 1871 908 1929 genus
930 1870 991 1913 esse
1012 1853 1148 1926 ferarum,

388 1957 430 2015 sie
450 1957 597 2016 hominum
616 1958 743 2030 genitam
765 1957 883 2030 prolem,
906 1957 947 2014 sie
968 1956 1092 2028 deniqne
1113 1961 1206 2014 00100

388 2059 600 2144 squamigerum
620 2056 744 2132 pecudes
766 2064 795 2116 et
816 2074 938 2132 corpora
959 2064 1062 2118 cuneta
1083 2061 1238 2118 uolantum.

214 2195 416 2206 „-----—-—

213 2297 277 2340 curn
305 2280 434 2339 homines
463 2297 480 2338 e
507 2279 644 2352 pauxillis
673 2284 759 2351 atque
786 2279 904 2337 minutis
931 2278 1093 2338 hominibus
1120 2279 1199 2352 gigni
1227 2277 1374 2347 dicantor3

214 2381 271 2438 qna
292 2365 389 2424 iocosa
409 2362 583 2423 refutatione
605 2380 668 2422 cum
689 2364 815 2437 priorem
836 2364 929 2422 locum
950 2379 1049 2422 carere
1069 2378 1155 2436 aegre
1170 2363 1291 2439 uideret,
1314 2378 1372 2421 000

213 2449 313 2509 scdulo
334 2449 496 2522 adscripsit.

305 2548 345 2625 ¹⁸)
368 2549 500 2608 Codices:
528 2547 641 2620 animm
668 2547 777 2608 animab
803 2549 926 2622 primum
947 2546 1100 2608 Marullum
1126 2550 1258 2623 posuisse
1283 2546 1375 2608 Lech·
1410 2625 1412 2630 Ι

214 2650 335 2693 mannus
356 2634 405 2693 ait.
450 2632 574 2693 Orellius
597 2632 734 2709 (Eclogae
755 2639 905 2707 pactarum
919 2634 1111 2692 Latinorum²
1125 2653 1153 2708 p.
1171 2633 1224 2710 55)
1246 2633 1376 2692 animans

205 2719 362 2796 'praetulit
407 2736 470 2779 cum
497 2723 592 2778 00100
619 2725 770 2791 praeterea
797 2714 912 2792 generis
939 2717 1070 2792 humani,
1100 2720 1168 2792 quin
1191 2720 1277 2778 etiam
1296 2716 1375 2776 uolu-

217 2806 304 2879 0000
317 2804 424 2863 000110
446 2803 505 2878 fiat,
529 2820 586 2863 non
609 2805 718 2877 dubita,
742 2805 811 2877 quin
833 2805 942 2863 animal
962 2805 1068 2864 rectius
1090 2806 1136 2863 sit.

305 2906 345 2980 19)
364 2907 410 2964 110
438 2907 499 2964 sine
522 2905 609 2965 dubio
631 2904 811 2965 emendanda
832 2911 875 2964 est
897 2905 1025 2964 codicum
1046 2907 1190 2978 scriptura
1211 2903 1379 2963 animalibus

215 2991 307 3051 indice
338 2999 441 3062 mente,
478 3007 561 3064 quam
591 2992 640 3063 qui
665 2995 837 3063 receperunt
864 2995 931 3063 apte
959 2991 1103 3063 explicare
1130 3007 1187 3049 non
1212 2994 1377 3063 potuerunt.

217 3075 372 3136 Creechius
393 3076 424 3132 in
444 3075 615 3148 paraphrasi
637 3073 790 3132 admodum
810 3074 901 3133 libere
923 3075 1131 3148 interpretatur
1147 3075 1379 3147 0101000100,

217 3157 414 3219 Wakefieldus
441 3159 544 3217 indicio
573 3159 678 3217 mealia
722 3160 839 3232 Lipsius
867 3160 1021 3219 emendare
1048 3162 1139 3220 uerba
1160 3151 1216 3220 sibi
1236 3161 1315 3219 uisus
1337 3167 1382 3218 est

219 3245 347 3304 scribens
369 3243 440 3303 inice
460 3253 576 3304 000100
583 3287 592 3316 ,
622 3244 697 3318 quod
721 3243 753 3304 0.
776 3244 1029 3304 Winclrelmannus
1051 3245 1197 3324 (Bebra‘qe
1218 3268 1241 3304 z.
1262 3245 1326 3303 1001.
1351 3248 1378 3304 d.

218 3331 322 3402 Lara,
346 3329 491 3408 Saliswed.
518 3331 608 3402 1857,
630 3347 658 3403 p.
687 3331 735 3406 16)
757 3330 861 3402 probat
882 3328 1032 3389 conferens
1053 3349 1080 3390 u.
1106 3333 1165 3392 739
1189 3348 1248 3404 sq.;
1270 3330 1378 3389 Wake-

217 3414 318 3476 fieldus
340 3416 450 3488 spernit
472 3413 585 3488 quidem
607 3416 681 3473 hanc
695 3415 787 3488 Lipsii
809 3415 1018 3486 coniecturam3
1040 3415 1130 3474 nihilo
1150 3417 1243 3475 miuus
1265 3416 1302 3474 ad
1317 3431 1380 3474 eam
1435 3433 1441 3446 ·

218 3500 436 3560 suffulciendam
457 3501 621 3558 testimonio
642 3503 839 3560 uersus1047
864 3501 964 3560 utitur.
1007 3507 1038 3558 01
1058 3502 1138 3558 00110
1158 3507 1309 3560 00100000
1330 3517 1381 3558 cur

144 3617 147 3633 ·
218 3586 322 3644 mentis
343 3587 449 3644 mentio
470 3584 537 3658 fiat,
560 3603 622 3644 000
644 3602 707 3657 ree,
729 3586 765 3643 de
787 3601 844 3657 qua
865 3590 980 3657 agatur,
1003 3584 1109 3644 nullam
1131 3586 1237 3646 habeat
1259 3584 1380 3645 difficul-

95 3741 102 3751 ,
217 3677 315 3743 tatem,
332 3670 382 3728 sed
397 3669 530 3729 facillime
545 3688 563 3729 a
579 3671 707 3743 quolibet
719 3670 913 3744 intellegatur.
950 3672 1078 3743 speciosa
1098 3689 1166 3731 sanc
1182 3677 1226 3731 est
1241 3669 1380 3730 Gronouil

219 3756 384 3815 coniectura
394 3756 484 3815 inolita
497 3757 621 3828 Memmi,
638 3772 723 3828 quam
733 3755 934 3814 Lachmannus
945 3761 974 3814 et
984 3756 1158 3829 Bcrnaysius
1169 3760 1379 3830 expresserunt.

219 3838 270 3899 sed
291 3844 388 3898 tamen
410 3857 444 3899 ea
465 3842 608 3914 scriptura
627 3846 656 3900 et
669 3841 783 3913 longius
798 3841 908 3899 recedit
923 3857 940 3898 a
954 3841 1083 3901 codicum
1097 3842 1201 3900 litteris
1215 3859 1269 3900 nec
1282 3855 1380 3899 omnes

220 3921 403 3984 difficultates
422 3925 506 3984 tollit.
543 3927 650 3984 haereo
666 3928 742 3984 enim
757 3926 787 3984 in
803 3926 900 3983 uerbis
915 3925 944 3984 in
954 3927 1089 4004 primis
1103 3926 1273 3985 animalibus
1288 3942 1380 3998 neque

221 4025 278 4083 quo
292 4007 378 4067 modo
393 4010 577 4082 interpretari
592 4012 703 4084 possint
717 4011 812 4082 uideo,
834 4027 901 4068 nam
916 4011 951 4071 de
965 4011 1119 4071 nouissime
1135 4014 1239 4072 creatis
1254 4012 1380 4085 cogitare

203 4099 279 4153 'non
301 4094 377 4152 licet.
422 4110 509 4166 quare
531 4098 637 4155 rectius
658 4097 734 4154 hnnc
754 4096 847 4155 locum
869 4097 910 4155 sie
928 4095 1015 4154 scribi
1028 4097 1138 4156 iudico:
1161 4097 1190 4155 ia
1200 4097 1305 4174 pomis
1319 4095 1379 4155 aoi-

218 4179 307 4240 malia
334 4178 390 4238 siat
415 4178 582 4239 0100100000
610 4181 763 4239 doaiawato
793 4182 868 4240 enim
895 4181 982 4240 scribi
1006 4197 1091 4255 posse
1112 4183 1315 4244 Fleckeisenus
1335 4199 1380 4242 mc

220 4265 341 4339 monuit,
363 4282 417 4328 000
436 4264 542 4339 legitur
556 4275 761 4326 maauaaeaasm
775 4266 852 4339 apud
866 4261 1032 4326 Lucretium
1047 4268 1097 4328 sed
1110 4273 1157 4327 ter
1170 4269 1380 4328 000800οι00
