3028 4830
711 447 863 540 A.

200 640 234 709 ai
261 641 448 732 στερέμνιαι
476 638 591 730 φύσεις
618 640 710 729 (περὶ
737 636 813 730 mdo.
841 642 945 725 119),
974 639 1104 707 breuius
1131 636 1174 703 τὰ
1200 633 1372 723 στερέμνια

200 765 257 847 (se.
281 756 431 846 σώματαε
455 762 546 846 Diog.
569 762 604 827 L.
626 761 657 826 X
678 767 730 829 46.
754 785 791 826 π.
814 753 890 847 mdo.
913 759 946 824 Π
969 766 998 828 3.
1022 767 1041 826 5
1065 761 1159 843 sqq.).
1206 762 1391 842 praeterea¹

159 881 161 930 ἶ
199 877 314 968 ὄγκους
340 885 437 948 uocat
465 881 570 966 (Diog.
593 881 629 948 L.
651 881 681 946 X
704 887 754 948 56.
779 886 830 947 57.
854 880 925 963 69),
953 880 1075 945 scilicet
1103 877 1268 961 quianon
1289 876 1373 940 inter

201 1023 234 1068 se
261 999 412 1067 differunt
440 1001 501 1066 nisi
529 1000 750 1083 magnitudine
772 1003 804 1064 et
825 999 945 1084 figura,
974 999 1110 1080 denique
1133 996 1230 1061 semel
1249 995 1312 1078 legi
1333 991 1373 1058 τὰ

200 1114 310 1204 ἄτομα
335 1124 481 1202 στοιχεῖα
508 1119 614 1206 (Diog.
645 1120 680 1184 L.
702 1119 734 1183 X
755 1121 826 1203 86),
855 1123 890 1182 at
917 1118 979 1183 hoe
1006 1139 1071 1182 non
1099 1121 1150 1180 est
1176 1114 1257 1179 artis
1280 1133 1372 1176 uoca-

201 1241 323 1324 bulum,
345 1261 403 1306 nee
423 1243 530 1324 potest
553 1259 631 1321 esse,
655 1221 811 1321 siquidem
833 1238 867 1302 in
887 1237 972 1303 libro
994 1239 1032 1304 de
1047 1237 1133 1319 plac.
1152 1235 1232 1317 phil.
1255 1232 1371 1308 17,15

201 1353 288 1426 reete
309 1360 451 1424 traditur
473 1353 642 1439 στοιχείων
663 1357 791 1424 nomine
812 1357 987 1441 Epicurum
1008 1356 1115 1440 ipsum
1136 1349 1179 1400 4
1199 1351 1372 1434 Epicureos
1413 1361 1415 1366 ’

205 1501 329 1566 semper
351 1479 465 1546 omitto
479 1477 637 1542 -aliam
659 1497 727 1544 rem
749 1476 929 1560 significare
951 1475 1081 1540 solitum
1104 1491 1172 1538 esse
1188 1469 1243 1556 (cf.
1259 1469 1372 1536 Schoe-

203 1599 312 1666 manni
335 1596 447 1665 Sched.
471 1597 511 1672 de
523 1595 613 1680 Epic.
629 1595 727 1661 theol.
742 1617 775 1680 p.
792 1597 836 1679 6).
872 1615 985 1678 neque·
996 1588 1092 1680 ἀρχαί
1106 1591 1211 1675 (Diog.
1227 1589 1261 1653 L.
1277 1588 1307 1669 X
1323 1595 1372 1669 41,

202 1718 243 1783 cf.
261 1719 334 1801 116)
359 1723 540 1784 atomorum
560 1735 676 1782 nomen
690 1719 749 1780 est.
765 1753 808 1763 —-
822 1713 916 1798 Apud
930 1713 1113 1778 Lucretium
1127 1710 1262 1792 legimus
1280 1708 1371 1774 haec:

223 1894 237 1951 Ι
261 1895 300 1952 55
672 1933 729 1952 ...
751 1909 849 1948 rerum
866 1889 1031 1965 primordia
1052 1887 1186 1963 pandam,

354 1993 431 2053 unde
454 1994 546 2052 omnis
568 1997 673 2052 nature
695 1997 774 2052 creet
794 2008 853 2064 res,
875 1997 982 2064 auctet,
1004 1991 1129 2065 alatque,

357 2112 451 2169 quoue
475 2095 575 2155 endem
596 2111 711 2153 rursum
733 2098 1009 2168 natura-perempta
1031 2092 1173 2162 resoluat3

355 2213 429 2270 quae
451 2213 504 2256 nos
525 2196 670 2256 materiem
692 2200 722 2254 et
741 2195 878 2273 qendalia
901 2215 1026 2272 corpora
1038 2195 1137 2271 ¹rebus

353 2298 505 2359 reddunda
525 2300 557 2358 in
578 2299 691 2358 ratione
713 2313 818 2356 nocere
840 2301 870 2354 et
890 2297 1000 2356 emina
1020 2315 1118 2356 rerum

356 2400 503 2473 appellere
525 2405 640 2458 sn'emus
661 2405 691 2458 et
712 2399 783 2457 haee
805 2399 905 2457 endem
928 2415 1069 2473 usurpare
1176 2388 1178 2394 ’

356 2520 481 2578 corpora
498 2501 607 2578 prima,
631 2499 709 2574 quod
730 2515 766 2558 ex
787 2498 845 2557 illis
868 2505 936 2558 sunt
956 2501 1052 2558 omniu
1072 2500 1182 2592 primis.

114 2671 122 2680 “
202 2687 241 2731 ex
270 2667 332 2766 his,
350 2665 533 2731 nominibus
559 2650 671 2732 rerwu.
690 2666 872 2748 primorde'u
901 2645 968 2729 siue
990 2651 1177 2750 simpliciter
1197 2667 1373 2750 pruinerdia

203 2785 311 2869 (ordia
326 2786 438 2868 prima
459 2781 505 2877 IV
526 2784 598 2868 28),
618 2785 738 2851 sernum
759 2805 867 2851 rerum
889 2783 957 2850 siue
979 2788 1099 2852 semina
1122 2782 1259 2868 (semine
1279 2787 1372 2870 equis,

202 2906 325 2972 semma
343 2905 467 2988 umoris
488 2904 577 2988 oen),
600 2923 738 2985 corpora.
753 2903 859 2984 prium
881 2902 1066 2987 saepissime
1086 2903 1238 2987 leguntur
1259 2903 1293 2967 in
1314 2902 1375 2968 hon

83 3111 85 3116 Α
201 3025 364 3104 poemate,
392 3021 546 3106 nendadu
575 3040 707 3103 empore
734 3023 784 3083 ter
811 3021 1035 3088 tantummodo
1059 3022 1374 3105 (1167115489

199 3138 353 3224 yenduliu
367 3140 515 3206 materiae?
530 3159 662 3221 corpora
676 3136 785 3220 1162),
801 3139 950 3223 yenitale's
964 3143 1111 3210 materies
1126 3140 1222 3206 semel
1238 3141 1372 3224 (1632);

186 3299 187 3302 =
202 3262 238 3324 at
258 3259 406 3324 materies
424 3256 523 3341 paulo
538 3255 646 3323 differt
660 3277 681 3322 a
696 3255 1022 3342 corporibussprimie,
1037 3242 1109 3324 ¹eum
1124 3281 1234 3325 eorum
1250 3279 1374 3324 summa

202 3376 311 3460 potius
339 3375 400 3442 hoe
421 3375 548 3441 nomine
571 3373 767 3459 significetur
790 3374 844 3457 (cf.
867 3375 905 3440 Ι.”
915 3375 953 3442 G.
976 3377 1152 3460 Bra-unius,
1174 3378 1314 3444 Lucretii
1328 3376 1374 3442 de

202 3493 319 3561 atomis
341 3494 505 3576 doctrina,
527 3491 717 3558 monasterii
741 3497 832 3575 1857,
855 3515 886 3578 p.
912 3501 982 3578 15),
1003 3517 1061 3561 nee
1082 3501 1190 3581 potest
1211 3519 1263 3562 res
1280 3497 1375 3562 aliter

203 3633 236 3679 se
250 3613 378 3696 habere,
401 3634 474 3678 eum
488 3633 615 3679 neeesse
629 3612 672 3678 sit
686 3611 852 3677 materiem
867 3613 1021 3697 singulari
1035 3636 1167 3680 numero
1182 3621 1374 3700 usurpatam

201 3732 244 3799 ab
272 3733 388 3796 atomis
423 3731 564 3814 quodam
596 3731 690 3797 modo
723 3729 859 3796 differre.
909 3732 1070 3799 interdum
1103 3739 1210 3799 autem
1242 3755 1375 3818 corpora

201 3850 290 3918 nullo
320 3849 479 3917 uocabulo
508 3849 631 3915 adiecto
660 3849 759 3914 atomi
789 3857 865 3915 sunt
893 3852 943 3936 (ut
969 3852 1080 3919 1215.
1111 3858 1202 3920 1077.
1232 3851 1374 3934 11104),

155 3999 165 4016 ·
201 3974 259 4036 aut
273 3972 371 4054 podia
386 3973 511 4034 ammon
526 3967 605 4032 dicit
622 3990 754 4051 corpora
769 3976 853 4036 certa
868 3971 896 4050 (Ι
912 3977 983 4037 521.
1001 3975 1071 4052 526,
1095 3972 1273 4064 redimimur
1287 3971 1374 4054 675),

202 4093 259 4154 aut
280 4107 411 4171 corpora
432 4107 539 4154 rerum
561 4086 590 4170 (I
612 4089 703 4169 679),
732 4091 789 4151 aut
811 4087 1048 4172 quodnaepius
1070 4087 1219 4174 legimur,
1242 4109 1376 4171 corpora

201 4209 350 4276 materiai
372 4207 423 4292 (ut
443 4205 460 4272 1
482 4211 555 4274 249.
579 4212 651 4275 562.
668 4212 740 4274 666.
757 4212 830 4273 917.
846 4212 918 4274 962.
935 4210 1021 4290 997),
1043 4213 1100 4272 aut
1122 4207 1257 4290 denique
1264 4209 1377 4290 prium

200 4324 290 4392 nullo
325 4325 529 4394 substantiuo
564 4325 677 4393 addite
709 4323 754 4409 (Π
782 4329 854 4392 313.
889 4324 934 4390 Ν
962 4326 1046 4410 184).
1096 4325 1152 4392 sed
1185 4326 1282 4390 etiam
1311 4325 1377 4390 alia
